Date,Product,Quantity,Sales,Cost,Profit
3/8/2024,Pulsa Indosat 10 K,1,13000,10885,2115
3/8/2024,Pulsa Xl 20 K,1,23000,20630,2370
3/8/2024,1 Gb Unlimited Indosat,1,38000,33780,4220
3/8/2024,1 Gb Indosat (3 Hari),1,9000,6200,2800
3/7/2024,Batu Baterai,2,5000,1512,3488
3/7/2024,1 Gb Indosat (3 Hari),1,9000,6200,2800
3/7/2024,5 Gb Xl Unlimited,1,25000,18720,6280
3/7/2024,Ff 140 Dm,1,23000,18630,4370
3/7/2024,4 Gb Axis (5 Hari),1,15000,11010,3990
3/7/2024,1 Gb Unlimited Indosat,1,38000,34079,3921
3/7/2024,Pulsa Listrik 50 K,1,54000,50050,3950
3/7/2024,3 Gb Indosat (30 Hari),1,23000,20221,2779
3/7/2024,Tarik Uang,1,4000,0,4000
3/7/2024,3 Gb Axis (3 Hari),1,12000,9630,2370
3/7/2024,Pulsa Listrik 50 K,1,54000,50050,3950
3/7/2024,1 Gb Indosat (3 Hari),1,9000,6200,2800
3/7/2024,8 Gb Axis (30 Hari),1,30000,26200,3800
3/7/2024,Pulsa Xl 25 K,1,28000,24850,3150
3/7/2024,1 Gb Unlimited Indosat,1,38000,34079,3921
3/7/2024,Pulsa Indosat 15 K,1,18000,15000,3000
3/7/2024,Pulsa Indosat 5 K,1,8000,5604,2396
3/7/2024,5 Gb Indosat (5 Hari),1,21000,17850,3150
3/6/2024,"2,5 Gb Indosat (5 Hari)",2,32000,26300,5700
3/6/2024,Top Up Dana 29 K,1,32000,29550,2450
3/6/2024,Top Up Dana 30 K,1,33000,30350,2650
3/6/2024,6 Gb Xl (7 Hari),1,18000,14009,3991
3/6/2024,1 Gb Indosat (3 Hari),1,9000,6200,2800
3/6/2024,1 Gb Indosat (3 Hari),1,9000,6200,2800
3/6/2024,Pulsa Indosat 10 K,1,13000,10885,2115
3/6/2024,3 Gb Indosat (30 Hari),1,23000,20221,2779
3/6/2024,5 Gb Xl Unlimited,1,25000,18720,6280
3/6/2024,5 Gb Indosat (5 Hari),1,21000,17850,3150
3/6/2024,Pulsa Listrik 20 K,1,24000,20050,3950
3/5/2024,4 Gb Axis (5 Hari),1,15000,11010,3990
3/5/2024,Pulsa Xl 10 K,1,13000,10850,2150
3/5/2024,Pulsa Indosat 15 K,1,18000,15000,3000
3/5/2024,Pulsa Indosat 15 K,1,18000,15000,3000
3/4/2024,10 Gb Xl (7 Hari),1,22000,18001,3999
3/4/2024,Pulsa Indosat 10 K,1,13000,10885,2115
3/4/2024,Pulsa Indosat 5 K,1,8000,5604,2396
3/4/2024,Pulsa Telkomsel 5 K,1,8000,5280,2720
3/4/2024,Top Up Shopeepay 400 K,1,405000,400700,4300
3/4/2024,Pulsa Xl 20 K,1,23000,20700,2300
3/4/2024,Top Up Dana 43 K,1,46000,43550,2450
3/4/2024,Headshet Realme R70,1,18000,9500,8500
3/4/2024,Pulsa Indosat 50 K,1,53000,49300,3700
3/4/2024,Ff 55 Dm,1,12000,8756,3244
3/4/2024,1 Gb Indosat (3 Hari),1,9000,6200,2800
3/3/2024,Pulsa Indosat 10 K,1,13000,10885,2115
3/3/2024,Pulsa Indosat 10 K,1,13000,10885,2115
3/3/2024,5 Gb Xl Unlimited,1,25000,18720,6280
3/3/2024,Kartu Indosat,1,14000,10800,3200
3/3/2024,5 Gb Xl Unlimited,1,25000,18720,6280
3/3/2024,Top Up Dana 20 K,1,23000,20350,2650
3/3/2024,Top Up Dana 100 K,1,104000,100350,3650
3/3/2024,Pulsa Listrik 50 K,1,54000,50050,3950
3/3/2024,18 Gb Xl (7Hari),1,27000,24116,2884
3/3/2024,1 Gb Indosat (3 Hari),1,9000,6200,2800
3/2/2024,Top Up Shopeepay 57 K,1,60000,57900,2100
3/2/2024,Top Up Dana 15 K,1,18000,15350,2650
3/2/2024,1 Gb Unlimited Indosat,1,38000,34079,3921
3/2/2024,5 Gb Xl Unlimited,1,25000,18720,6280
3/2/2024,Pulsa Indosat 25 K,1,28000,24400,3600
3/2/2024,Top Up Dana 50 K,1,53000,50350,2650
3/2/2024,1 Gb Unlimited Indosat,1,38000,34079,3921
3/2/2024,Pulsa Indosat 10 K,1,13000,10885,2115
3/1/2024,10 Gb Xl (7 Hari),1,22000,18001,3999
3/1/2024,"2,5 Gb Indosat (5 Hari)",1,16000,13150,2850
3/1/2024,Service Hp Flash,1,40000,0,40000
3/1/2024,Top Up Dana 50 K,1,53000,50350,2650
3/1/2024,Top Up Dana 72 K,1,75000,72550,2450
3/1/2024,3 Gb Indosat (30 Hari),1,23000,20221,2779
3/1/2024,5 Gb Xl Unlimited,1,25000,18720,6280
3/1/2024,5 Gb Indosat (5 Hari),1,21000,17850,3150
3/1/2024,5 Gb Xl Unlimited,1,25000,18720,6280
3/1/2024,1 Gb Unlimited Indosat,1,38000,34079,3921
2/29/2024,"2,5 Gb Indosat (5 Hari)",2,32000,26300,5700
2/29/2024,Ff 50 Dm,1,11000,7204,3796
2/29/2024,3 Gb Indosat (30 Hari),1,23000,20221,2779
2/29/2024,Ff 100 Dm,1,19000,13593,5407
2/29/2024,5 Gb Indosat (5 Hari),1,21000,17850,3150
2/29/2024,Pulsa Listrik 20 K,1,24000,20050,3950
2/28/2024,Pulsa Indosat 15 K,1,18000,15000,3000
2/28/2024,Top Up Dana 200 K,1,205000,200350,4650
2/28/2024,1 Gb Indosat (3 Hari),1,9000,6200,2800
2/28/2024,Pulsa Listrik 50 K,1,50050,50050,0
2/28/2024,Pulsa Indosat 15 K,1,18000,15000,3000
2/28/2024,Top Up Ovo 27 K,1,30000,27900,2100
2/28/2024,Top Up Dana 38 K,1,41000,38550,2450
2/28/2024,6 Gb Xl (7 Hari),1,18000,14009,3991
2/28/2024,Top Up Dana 50 K,1,53000,50350,2650
2/28/2024,4 Gb Axis (5 Hari),1,15000,11010,3990
2/28/2024,Ff 100 Dm,1,19000,13593,5407
2/28/2024,10 Gb Xl (7 Hari),1,22000,18001,3999
2/28/2024,1 Gb Unlimited Indosat,1,38000,34079,3921
2/27/2024,1 Gb Indosat (3 Hari),1,9000,6200,2800
2/27/2024,Top Up Dana 22 K,1,25000,22350,2650
2/27/2024,Pulsa Indosat 20 K,1,23000,19850,3150
2/27/2024,Top Up Dana 33 K,1,36000,33550,2450
2/27/2024,Pulsa Listrik 20 K,1,24000,20050,3950
2/27/2024,Top Up Dana 37 K,1,40000,37550,2450
2/27/2024,25 Gb Xl Unlimited,1,70000,63396,6604
2/27/2024,10 Gb Xl (7 Hari),1,22000,18001,3999
2/27/2024,Ff 50 Dm,1,10000,7204,2796
2/27/2024,4 Gb Axis (5 Hari),1,15000,11010,3990
2/27/2024,Tarik Uang,1,5000,0,5000
2/27/2024,5 Gb Indosat (5 Hari),1,21000,17850,3150
2/27/2024,Pulsa Xl 100 K,1,103000,98950,4050
2/26/2024,Pulsa Indosat 25 K,1,28000,24875,3125
2/26/2024,Pulsa Listrik 20 K,1,24000,20050,3950
2/26/2024,Pulsa Listrik 50 K,1,54000,50050,3950
2/26/2024,"2,5 Gb Indosat (5 Hari)",1,16000,13150,2850
2/26/2024,Ff 75 Dm,1,15000,10623,4377
2/26/2024,Pulsa Indosat 12 K,1,15000,11910,3090
2/26/2024,Ff 75 Dm,1,15000,10623,4377
2/26/2024,1 Gb Unlimited Indosat,1,38000,34079,3921
2/26/2024,18 Gb Xl (7Hari),1,27000,24116,2884
2/25/2024,5 Gb Xl Unlimited,1,25000,18720,6280
2/25/2024,10 Gb Xl (7 Hari),1,22000,18001,3999
2/25/2024,1 Gb Unlimited Indosat,1,38000,34079,3921
2/25/2024,Ff 55 Dm,1,12000,8756,3244
2/25/2024,1 Gb Indosat (3 Hari),1,9000,6200,2800
2/25/2024,1 Gb Indosat (3 Hari),1,9000,6200,2800
2/24/2024,Baterai A3 Kecil,2,4000,1300,2700
2/24/2024,Pulsa Indosat 10 K,1,13000,10885,2115
2/24/2024,3 Gb Indosat (30 Hari),1,23000,20221,2779
2/24/2024,5 Gb Xl Unlimited,1,25000,18720,6280
2/24/2024,Pulsa Indosat 12 K,1,15000,11910,3090
2/24/2024,5 Gb Xl Unlimited,1,25000,18720,6280
2/24/2024,5 Gb Indosat (5 Hari),1,21000,17850,3150
2/24/2024,Pulsa Xl 5 K,1,8000,5854,2146
2/24/2024,5 Gb Indosat (5 Hari),1,21000,17850,3150
2/24/2024,Pulsa Listrik 50 K,1,54000,50050,3950
2/24/2024,6 Gb Xl (7 Hari),1,18000,14009,3991
2/24/2024,1 Gb Unlimited Indosat,1,38000,34079,3921
2/24/2024,1 Gb Unlimited Indosat,1,38000,34079,3921
2/24/2024,Ff 55 Dm,1,12000,8756,3244
2/24/2024,Top Up Dana 37 K,1,40000,37550,2450
2/24/2024,Top Up Dana 200 K,1,205000,200350,4650
2/24/2024,Top Up Dana 60 K,1,63000,60350,2650
2/24/2024,9 Gb Indosat,1,48000,31000,17000
2/23/2024,Masker,2,2000,300,1700
2/23/2024,Tagihan Listrik,1,27000,24985,2015
2/23/2024,"2,5 Gb Indosat (5 Hari)",1,16000,13150,2850
2/23/2024,1 Gb Indosat (3 Hari),1,9000,6200,2800
2/23/2024,"2,5 Gb Indosat (5 Hari)",1,16000,13150,2850
2/23/2024,Pulsa Listrik 20 K,1,24000,20050,3950
2/23/2024,4 Gb Axis (5 Hari),1,15000,11010,3990
2/23/2024,Top Up Dana 50 K,1,53000,50350,2650
2/23/2024,6 Gb Xl (7 Hari),1,18000,14009,3991
2/23/2024,Top Up Dana 30 K,1,33000,30350,2650
2/23/2024,Top Up Dana 20 K,1,23000,20350,2650
2/23/2024,5 Gb Xl Unlimited,1,25000,18720,6280
2/23/2024,4 Gb Axis (5 Hari),1,15000,11010,3990
2/23/2024,5 Gb Xl Unlimited,1,25000,18720,6280
2/22/2024,Pulsa Indosat 12 K,1,15000,11910,3090
2/22/2024,Pulsa Indosat 10 K,1,13000,10885,2115
2/22/2024,Ff 100 Dm,1,19000,13593,5407
2/22/2024,Ff 90 Dm,1,17000,13653,3347
2/22/2024,Ff 100 Dm,1,19000,13593,5407
2/22/2024,Pulsa Indosat 10 K,1,13000,10885,2115
2/22/2024,3 Gb Indosat (30 Hari),1,23000,20221,2779
2/22/2024,6 Gb Xl (7 Hari),1,18000,14009,3991
2/22/2024,Top Up Dana 45 K,1,48000,45350,2650
2/22/2024,Pulsa Listrik 20 K,1,24000,20060,3940
2/22/2024,"2,5 Gb Indosat (5 Hari)",1,16000,13150,2850
2/22/2024,Top Up Dana 50 K,1,53000,50350,2650
2/22/2024,25 Gb Xl Unlimited,1,70000,61300,8700
2/22/2024,Ff 40 Dm,1,10000,7112,2888
2/22/2024,Ff 50 Dm,1,11000,9322,1678
2/22/2024,9 Gb Indosat,1,50000,31000,19000
2/22/2024,5 Gb Indosat (5 Hari),1,21000,17850,3150
2/22/2024,1 Gb Indosat (3 Hari),1,9000,6200,2800
2/21/2024,Pulsa Listrik 50 K,1,54000,50050,3950
2/21/2024,Pitingan,1,4000,2000,2000
2/21/2024,8 Gb Axis (30 Hari),1,30000,26200,3800
2/21/2024,Ff 140 Dm,1,22000,18630,3370
2/21/2024,Top Up Dana 27 K,1,30000,27550,2450
2/21/2024,Top Up Dana 29 K,1,32000,29550,2450
2/21/2024,Ff 50 Dm,1,10000,7204,2796
2/21/2024,Pulsa Listrik 50 K,1,54000,50050,3950
2/21/2024,Pulsa Listrik 50 K,1,54000,50060,3940
2/21/2024,1 Gb Indosat (3 Hari),1,9000,6200,2800
2/21/2024,3 Gb Axis (3 Hari),1,12000,9273,2727
2/20/2024,Top Up Dana 50 K,1,53000,50350,2650
2/20/2024,Pulsa Xl 40 K,1,43000,40050,2950
2/20/2024,Ff 140 Dm,1,22000,18630,3370
2/20/2024,"2,5 Gb Indosat (5 Hari)",1,16000,13150,2850
2/20/2024,Top Up Dana 40 K,1,43000,40350,2650
2/20/2024,18 Gb Xl (7Hari),1,27000,24116,2884
2/20/2024,Ff 90 Dm,1,16000,13653,2347
2/20/2024,Top Up Dana 40 K,1,43000,40350,2650
2/20/2024,Tarik Uang,1,5000,0,5000
2/20/2024,Ff 120 Dm,1,20000,18500,1500
2/20/2024,10 Gb Xl (7 Hari),1,22000,18001,3999
2/20/2024,Top Up Dana 10 K,1,13000,10350,2650
2/20/2024,Pulsa Listrik 20 K,1,24000,20060,3940
2/20/2024,Top Up Dana 25 K,1,28000,25350,2650
2/20/2024,Ff 30 Dm,1,8000,5123,2877
2/20/2024,Pulsa Listrik 50 K,1,54000,50060,3940
2/20/2024,Pulsa Xl 10 K,1,13000,10850,2150
2/20/2024,Top Up Dana 20 K,1,23000,20350,2650
2/19/2024,Kartu Axis,1,13000,10000,3000
2/19/2024,Ff 50 Dm,1,10000,7204,2796
2/19/2024,Ff 50 Dm,1,10000,7204,2796
2/19/2024,5 Gb Indosat (5 Hari),1,21000,17850,3150
2/19/2024,Ff 70 Dm,1,12000,9744,2256
2/19/2024,Ff 50 Dm,1,10000,7204,2796
2/19/2024,Ff 70 Dm,1,12000,9744,2256
2/19/2024,5 Gb Xl Unlimited,1,25000,18720,6280
2/19/2024,Ff 200 Dm,1,32000,27926,4074
2/19/2024,"2,5 Gb Indosat (5 Hari)",1,16000,13150,2850
2/19/2024,Ff 50 Dm,1,10000,7204,2796
2/19/2024,Ff 140 Dm,1,22000,18630,3370
2/19/2024,Top Up Dana 15 K,1,18000,15350,2650
2/19/2024,"3,5 Gb Telkomsel(7 Hari)",1,24000,20000,4000
2/19/2024,Top Up Dana 150 K,1,154000,150350,3650
2/19/2024,1 Gb Unlimited Indosat,1,38000,34079,3921
2/19/2024,5 Gb Indosat (5 Hari),1,21000,17850,3150
2/19/2024,Ff 70 Dm,1,12000,9744,2256
2/19/2024,Pulsa Indosat 25 K,1,28000,24875,3125
2/19/2024,Pulsa Indosat 30 K,1,33000,29825,3175
2/19/2024,Top Up Dana 15 K,1,18000,15350,2650
2/19/2024,Top Up Dana 70 K,1,73000,70000,3000
2/19/2024,Tarik Uang,1,3000,0,3000
2/19/2024,5 Gb Indosat (5 Hari),1,21000,17850,3150
2/19/2024,6 Gb Xl (7 Hari),1,18000,14009,3991
2/18/2024,1 Gb Indosat (3 Hari),1,9000,6200,2800
2/18/2024,1 Gb Unlimited Indosat,1,38000,34079,3921
2/18/2024,Pulsa Indosat 30 K,1,33000,29825,3175
2/18/2024,Top Up Shopeepay 130 K,1,133000,130660,2340
2/18/2024,1 Gb Indosat (3 Hari),1,9000,6200,2800
2/18/2024,Top Up Dana 50 K,1,53000,50350,2650
2/18/2024,Ff 140 Dm,1,22000,18630,3370
2/18/2024,Ff 70 Dm,1,12000,9055,2945
2/18/2024,Ff 30 Dm,1,8000,5600,2400
2/18/2024,Pulsa Listrik 20 K,1,24000,20060,3940
2/18/2024,Ff 140 Dm,1,22000,17320,4680
2/18/2024,Pulsa Indosat 15 K,1,18000,14885,3115
2/18/2024,5 Gb Xl Unlimited,1,25000,18720,6280
2/18/2024,Top Up Dana 20 K,1,23000,20350,2650
2/17/2024,Batu Baterai,2,5000,1512,3488
2/17/2024,5 Gb Xl Unlimited,1,25000,18720,6280
2/17/2024,Ff 70 Dm,1,12000,9055,2945
2/17/2024,"2,5 Gb Indosat (5 Hari)",1,16000,13150,2850
2/17/2024,Ff 70 Dm,1,12000,9055,2945
2/17/2024,Top Up Dana 5 K,1,8000,5350,2650
2/17/2024,Top Up Dana 50 K,1,53000,50350,2650
2/17/2024,Ff 50 Dm,1,10000,6706,3294
2/17/2024,1 Gb Indosat (3 Hari),1,9000,6200,2800
2/17/2024,Ff 210 Dm,1,33000,28387,4613
2/17/2024,Ff 90 Dm,1,16000,12374,3626
2/17/2024,Ff 70 Dm,1,12000,9055,2945
2/17/2024,Top Up Dana 40 K,1,43000,40350,2650
2/17/2024,1 Gb Unlimited Indosat,1,38000,34079,3921
2/16/2024,Batu Jam Kecil,6,9000,0,9000
2/16/2024,Ff 50 Dm,1,10000,6706,3294
2/16/2024,Ff 70 Dm,1,12000,9055,2945
2/16/2024,Ff 140 Dm,1,22000,17320,4680
2/16/2024,Batu Baterai,1,2500,756,1744
2/16/2024,Top Up Dana 45 K,1,48000,45350,2650
2/16/2024,5 Gb Xl Unlimited,1,25000,18720,6280
2/16/2024,Pulsa Indosat 10 K,1,13000,10885,2115
2/16/2024,5 Gb Xl Unlimited,1,25000,18720,6280
2/16/2024,Ff 50 Dm,1,10000,6706,3294
2/16/2024,5 Gb Indosat (5 Hari),1,21000,17850,3150
2/16/2024,Pulsa Indosat 50 K,1,53000,49850,3150
2/16/2024,Top Up Dana 37 K,1,40000,37550,2450
2/16/2024,Ff 50 Dm,1,10000,6706,3294
2/16/2024,1 Gb Indosat (3 Hari),1,9000,6200,2800
2/16/2024,Top Up Dana 20 K,1,23000,20350,2650
2/16/2024,Top Up Dana 20 K,1,23000,20350,2650
2/15/2024,10 Gb Xl (7 Hari),1,22000,18001,3999
2/15/2024,Pulsa Xl 35 K,1,38000,34850,3150
2/15/2024,Top Up Dana 75K,1,78000,75350,2650
2/15/2024,Pulsa Xl 5 K,1,8000,5854,2146
2/15/2024,Ff 70 Dm,1,12000,9223,2777
2/15/2024,Top Up Ovo 24 K,1,27000,24900,2100
2/15/2024,10 Gb Xl (7 Hari),1,22000,18001,3999
2/15/2024,Ff 50 Dm,1,10000,6706,3294
2/15/2024,"2,5 Gb Indosat (5 Hari)",1,16000,13150,2850
2/15/2024,Ff 70 Dm,1,12000,9433,2567
2/15/2024,10 Gb Xl (7 Hari),1,22000,18001,3999
2/15/2024,Pulsa Listrik 20 K,1,24000,20060,3940
2/15/2024,Top Up Dana 20 K,1,23000,20350,2650
2/14/2024,Pulsa Indosat 20 K,1,23000,19950,3050
2/14/2024,Pulsa Telkomsel 20 K,1,23000,19800,3200
2/14/2024,Pulsa Indosat 10 K,1,13000,10885,2115
2/14/2024,3 Gb Indosat (30 Hari),1,23000,20221,2779
2/14/2024,Top Up Dana 37 K,1,40000,37550,2450
2/14/2024,Pulsa Telkomsel 25 K,1,28000,24850,3150
2/14/2024,6 Gb Xl (7 Hari),1,18000,14009,3991
2/14/2024,Ff 90 Dm,1,16000,12374,3626
2/14/2024,10 Gb Xl (7 Hari),1,22000,18001,3999
2/14/2024,4 Gb Axis (5 Hari),1,15000,11010,3990
2/14/2024,5 Gb Xl Unlimited,1,25000,18720,6280
2/14/2024,Ff 70 Dm,1,12000,9055,2945
2/14/2024,Ff 70 Dm,1,12000,9055,2945
2/14/2024,Ff 15 Dm,1,5000,2859,2141
2/14/2024,Pulsa Listrik 20 K,1,24000,20060,3940
2/14/2024,18 Gb Xl (7Hari),1,27000,24116,2884
2/14/2024,Ff 150 Dm,1,24000,19710,4290
2/14/2024,5 Gb Indosat (5 Hari),1,21000,17850,3150
2/14/2024,1 Gb Indosat (3 Hari),1,9000,6200,2800
2/14/2024,"2,5 Gb Indosat (5 Hari)",1,16000,13150,2850
2/14/2024,Top Up Dana 100 K,1,105000,100350,4650
2/14/2024,Top Up Dana 50 K,1,53000,50350,2650
2/14/2024,Top Up Dana 24 K,1,27000,24350,2650
2/14/2024,Ff 90 Dm,1,16000,12374,3626
2/14/2024,Top Up Dana 25 K,1,28000,25350,2650
2/13/2024,10 Gb Xl (7 Hari),1,22000,18026,3974
2/13/2024,Top Up Dana 50 K,1,53000,50350,2650
2/13/2024,"2,5 Gb Indosat (5 Hari)",1,16000,13150,2850
2/13/2024,"2,5 Gb Indosat (5 Hari)",1,16000,13150,2850
2/13/2024,Top Up Dana 57 K,1,60000,57550,2450
2/13/2024,Top Up Dana 27 K,1,30000,27550,2450
2/13/2024,Pulsa Axis 5 K,1,8000,5856,2144
2/13/2024,Pulsa Indosat 20 K,1,23000,19950,3050
2/13/2024,3 Gb Indosat (30 Hari),1,23000,20221,2779
2/13/2024,4 Gb Axis (5 Hari),1,15000,11010,3990
2/13/2024,5 Gb Indosat (5 Hari),1,21000,17850,3150
2/13/2024,4 Gb Axis (5 Hari),1,15000,11010,3990
2/12/2024,1 Gb Indosat (3 Hari),1,9000,6200,2800
2/12/2024,1 Gb Indosat (3 Hari),1,9000,6200,2800
2/12/2024,1 Gb Indosat (3 Hari),1,9000,6200,2800
2/12/2024,1 Gb Indosat (3 Hari),1,9000,6200,2800
2/12/2024,Top Up Dana 60 K,1,63000,60350,2650
2/12/2024,Ff 80 Dm,1,15000,11267,3733
2/12/2024,Pulsa Indosat 25 K,1,28000,24400,3600
2/12/2024,Ff 70 Dm,1,12000,9055,2945
2/12/2024,Ff 70 Dm,1,12000,9055,2945
2/12/2024,Pulsa Indosat 10 K,1,13000,10885,2115
2/12/2024,5 Gb Xl Unlimited,1,25000,18726,6274
2/12/2024,5 Gb Xl Unlimited,1,25000,18387,6613
2/12/2024,5 Gb Xl Unlimited,1,25000,18387,6613
2/12/2024,Pulsa Indosat 50 K,1,53000,49450,3550
2/12/2024,1 Gb Unlimited Indosat,1,38000,34279,3721
2/12/2024,Top Up Gopay  50 K,1,53000,50550,2450
2/12/2024,Top Up Dana 50 K,1,53000,50350,2650
2/12/2024,Ff 70 Dm,1,12000,9055,2945
2/12/2024,"2,5 Gb Indosat (5 Hari)",1,16000,13150,2850
2/12/2024,1 Gb Unlimited Indosat,1,38000,34079,3921
2/12/2024,10 Gb Xl (7 Hari),1,22000,18026,3974
2/12/2024,Pulsa Indosat 25 K,1,28000,24850,3150
2/12/2024,"2,5 Gb Indosat (5 Hari)",1,16000,13150,2850
2/11/2024,Pulsa Listrik 20 K,1,24000,20060,3940
2/11/2024,5 Gb Xl Unlimited,1,25000,18650,6350
2/11/2024,10 Gb Xl (7 Hari),1,22000,18026,3974
2/11/2024,Top Up Dana 30 K,1,33000,30350,2650
2/11/2024,5 Gb Indosat (5 Hari),1,21000,17850,3150
2/11/2024,5 Gb Xl Unlimited,1,25000,18650,6350
2/11/2024,Pulsa Indosat 10 K,1,13000,10885,2115
2/11/2024,10 Gb Xl (7 Hari),1,22000,18026,3974
2/11/2024,1 Gb Unlimited Indosat,1,38000,34300,3700
2/11/2024,Top Up Dana 31 K,1,34000,31550,2450
2/11/2024,Top Up Ovo 27 K,1,30000,27900,2100
2/11/2024,1 Gb Indosat (3 Hari),1,9000,6200,2800
2/11/2024,1 Gb Indosat (3 Hari),1,9000,6200,2800
2/10/2024,Top Up Dana 50 K,1,53000,50350,2650
2/10/2024,Top Up Dana 45 K,1,48000,45350,2650
2/10/2024,"2,5 Gb Indosat (5 Hari)",1,16000,13150,2850
2/10/2024,Pulsa Indosat 15 K,1,18000,14850,3150
2/10/2024,10 Gb Xl (7 Hari),1,22000,18026,3974
2/10/2024,Top Up Dana 47 K,1,50000,47350,2650
2/10/2024,10 Gb Xl (7 Hari),1,22000,18026,3974
2/10/2024,Ff 10 Dm,1,3000,1845,1155
2/10/2024,10 Gb Xl (7 Hari),1,22000,18026,3974
2/10/2024,"2,5 Gb Indosat (5 Hari)",1,16000,13150,2850
2/10/2024,3 Gb Indosat (30 Hari),1,23000,20221,2779
2/10/2024,Top Up Dana 20 K,1,23000,20350,2650
2/10/2024,5 Gb Xl Unlimited,1,25000,18387,6613
2/10/2024,Top Up Dana 45 K,1,48000,45350,2650
2/10/2024,5 Gb Xl Unlimited,1,25000,18387,6613
2/9/2024,1 Gb Unlimited Indosat,2,76000,68158,7842
2/9/2024,Pulsa Indosat 10 K,1,13000,10885,2115
2/9/2024,Ff 90 Dm,1,16000,12374,3626
2/9/2024,Pulsa Listrik 20 K,1,24000,20050,3950
2/9/2024,Pulsa Listrik 20 K,1,24000,20060,3940
2/9/2024,9 Gb Indosat,1,48000,26000,22000
2/9/2024,Top Up Ovo 27 K,1,30000,27900,2100
2/9/2024,4 Gb Axis (5 Hari),1,15000,11045,3955
2/9/2024,Pulsa Indosat 10 K,1,13000,10885,2115
2/9/2024,10 Gb Xl (7 Hari),1,22000,18026,3974
2/9/2024,5 Gb Indosat (5 Hari),1,21000,17850,3150
2/9/2024,Top Up Dana 50 K,1,53000,50350,2650
2/9/2024,Top Up Dana 21 K,1,24000,21350,2650
2/9/2024,1 Gb Indosat (3 Hari),1,9000,6200,2800
2/9/2024,Top Up Dana 18 K,1,21000,18350,2650
2/8/2024,Ff 20 Dm,1,6000,3500,2500
2/8/2024,5 Gb Xl Unlimited,1,25000,18650,6350
2/8/2024,Ff 355 Dm,1,52000,43561,8439
2/8/2024,Top Up Shopeepay 146 K,1,150000,146750,3250
2/8/2024,1 Gb Unlimited Indosat,1,38000,34079,3921
2/8/2024,Pulsa Indosat 10 K,1,13000,10850,2150
2/8/2024,5 Gb Xl Unlimited,1,25000,18650,6350
2/8/2024,Pulsa Indosat 10 K,1,13000,10850,2150
2/8/2024,6 Gb Xl (7 Hari),1,18000,14009,3991
2/8/2024,"2,5 Gb Indosat (5 Hari)",1,16000,13150,2850
2/8/2024,"2,5 Gb Indosat (5 Hari)",1,16000,13150,2850
2/8/2024,Ff 15 Dm,1,5000,2859,2141
2/8/2024,1 Gb Unlimited Indosat,1,38000,34079,3921
2/8/2024,"2,5 Gb Indosat (5 Hari)",1,16000,13150,2850
2/8/2024,1 Gb Unlimited Indosat,1,38000,34079,3921
2/8/2024,8 Gb Axis (30 Hari),1,30000,26200,3800
2/7/2024,Top Up Dana 26 K,1,29000,26550,2450
2/7/2024,6 Gb Xl (7 Hari),1,18000,14009,3991
2/7/2024,Pulsa Indosat 15 K,1,18000,14850,3150
2/7/2024,1 Gb Indosat (3 Hari),1,9000,6200,2800
2/7/2024,1 Gb Indosat (3 Hari),1,9000,6200,2800
2/7/2024,4 Gb Axis (5 Hari),1,15000,11010,3990
2/7/2024,5 Gb Xl Unlimited,1,25000,18387,6613
2/7/2024,4 Gb Axis (5 Hari),1,15000,11010,3990
2/7/2024,Pulsa Listrik 50 K,1,54000,50060,3940
2/7/2024,Pulsa Indosat 5 K,1,8000,5604,2396
2/7/2024,Pulsa Indosat 10 K,1,13000,10850,2150
2/7/2024,5 Gb Xl Unlimited,1,25000,18387,6613
2/7/2024,Pulsa Indosat 10 K,1,13000,10860,2140
2/6/2024,Top Up Shopeepay 22 K,1,25000,22750,2250
2/6/2024,1 Gb Indosat (3 Hari),1,9000,6200,2800
2/6/2024,Headshet Realme R70,1,18000,9500,8500
2/6/2024,2 Gb Unlimited Indosat,1,60000,56675,3325
2/6/2024,4 Gb Axis (5 Hari),1,15000,11000,4000
2/6/2024,5 Gb Indosat (5 Hari),1,21000,17850,3150
2/6/2024,Top Up Dana 23 K,1,26000,23350,2650
2/6/2024,18 Gb Xl (7Hari),1,27000,24116,2884
2/5/2024,Pulsa Listrik 50 K,1,54000,50060,3940
2/5/2024,10 Gb Xl (7 Hari),1,22000,18026,3974
2/5/2024,6 Gb Xl (7 Hari),1,18000,14009,3991
2/5/2024,Pulsa Listrik 50 K,1,50000,50060,-60
2/5/2024,"2,5 Gb Indosat (5 Hari)",1,16000,13150,2850
2/5/2024,1 Gb Unlimited Indosat,1,38000,34079,3921
2/5/2024,Pulsa Indosat 60 K,1,63000,58679,4321
2/5/2024,Pulsa Indosat 15 K,1,18000,14659,3341
2/5/2024,Pulsa Listrik 50 K,1,54000,50060,3940
2/5/2024,Pulsa Indosat 25 K,1,28000,24950,3050
2/5/2024,Pulsa Indosat 15 K,1,18000,14950,3050
2/5/2024,3 Gb Telkomsel,1,25000,21300,3700
2/5/2024,Pulsa Indosat 20 K,1,23000,19950,3050
2/4/2024,Pulsa Indosat 25 K,1,28000,24400,3600
2/4/2024,Pulsa Telkomsel 5 K,1,8000,5850,2150
2/4/2024,Top Up Dana 50 K,1,53000,50350,2650
2/4/2024,Top Up Shopeepay 195 K,1,200000,196750,3250
2/4/2024,Pulsa Xl 25 K,1,28000,24800,3200
2/4/2024,5 Gb Indosat (5 Hari),1,21000,17850,3150
2/4/2024,Pulsa Indosat 5 K,1,8000,5800,2200
2/4/2024,Tarik Uang,1,5000,0,5000
2/4/2024,Top Up Dana 25 K,1,28000,25350,2650
2/4/2024,Tarik Uang,1,3000,0,3000
2/4/2024,10 Gb Xl (7 Hari),1,22000,18000,4000
2/4/2024,Ff 70 Dm,1,12000,9055,2945
2/4/2024,Pulsa Indosat 10 K,1,13000,10850,2150
2/4/2024,Pulsa Indosat 20 K,1,23000,19500,3500
2/4/2024,Top Up Dana 51 K,1,54000,51550,2450
2/4/2024,3 Gb Indosat (30 Hari),1,23000,20221,2779
2/3/2024,Kartu Xl,1,13000,8000,5000
2/3/2024,3 Gb Indosat (30 Hari),1,23000,20221,2779
2/3/2024,5 Gb Xl Unlimited,1,25000,18387,6613
2/3/2024,Pulsa Indosat 10 K,1,13000,10850,2150
2/3/2024,4 Gb Telkomsel,1,40000,38125,1875
2/3/2024,10 Gb Xl (7 Hari),1,22000,18000,4000
2/3/2024,Pulsa Listrik 20 K,1,24000,20060,3940
2/3/2024,Top Up Dana 57 K,1,60000,57000,3000
2/3/2024,Pulsa Telkomsel 15 K,1,18000,14947,3053
2/3/2024,4 Gb Axis (5 Hari),1,15000,11000,4000
2/3/2024,Top Up Dana 250 K,1,254000,250000,4000
2/3/2024,1 Gb Unlimited Indosat,1,38000,34079,3921
2/3/2024,Tarik Uang,1,4000,0,4000
2/3/2024,Top Up Dana 28 K,1,31000,28550,2450
2/2/2024,Baterai A3 Kecil,2,4000,1300,2700
2/2/2024,Kartu Axis,1,13000,10000,3000
2/2/2024,Pulsa Xl 10 K,1,13000,10850,2150
2/2/2024,Kartu Xl,1,13000,8000,5000
2/2/2024,Pulsa Indosat 10 K,1,13000,10850,2150
2/2/2024,Pulsa Indosat 10 K,1,13000,10395,2605
2/2/2024,Top Up Ovo 40 K,1,43000,40875,2125
2/2/2024,1 Gb Unlimited Indosat,1,38000,34079,3921
2/2/2024,1 Gb Indosat (3 Hari),1,8000,6200,1800
2/2/2024,9 Gb Indosat,1,50000,26000,24000
2/2/2024,1 Gb Indosat (3 Hari),1,8000,6200,1800
2/2/2024,5 Gb Xl Unlimited,1,25000,18695,6305
2/2/2024,5 Gb Xl Unlimited,1,25000,18387,6613
2/2/2024,Top Up Dana 12 K,1,15000,12350,2650
2/2/2024,Pulsa Telkomsel 10 K,1,13000,10075,2925
2/2/2024,Top Up Dana 20 K,1,23000,20350,2650
2/1/2024,10 Gb Xl (7 Hari),1,22000,18060,3940
2/1/2024,Pulsa Xl 100 K,1,103000,98950,4050
2/1/2024,1 Gb Indosat (3 Hari),1,8000,6200,1800
2/1/2024,1 Gb Indosat (3 Hari),1,8000,6200,1800
2/1/2024,Top Up Gopay 25 K,1,28000,25500,2500
2/1/2024,Pulsa Indosat 10 K,1,13000,10860,2140
2/1/2024,Pulsa Indosat 10 K,1,13000,10395,2605
2/1/2024,5 Gb Xl Unlimited,1,25000,18650,6350
2/1/2024,"2,5 Gb Indosat (5 Hari)",1,15000,13150,1850
2/1/2024,3 Gb Indosat (30 Hari),1,23000,20221,2779
2/1/2024,Pulsa Listrik 50 K,1,54000,50060,3940
2/1/2024,Pulsa Indosat 15 K,1,18000,14865,3135
2/1/2024,Ff 10 Dm,1,3000,1845,1155
2/1/2024,"2,5 Gb Indosat (5 Hari)",1,15000,13150,1850
2/1/2024,4 Gb Axis (5 Hari),1,15000,11010,3990
2/1/2024,"2,5 Gb Indosat (5 Hari)",1,15000,13150,1850
1/31/2024,Kartu Xl,1,13000,8000,5000
1/31/2024,5 Gb Xl Unlimited,1,25000,18042,6958
1/31/2024,Top Up Dana 35 K,1,38000,35350,2650
1/31/2024,10 Gb Xl (7 Hari),1,22000,18026,3974
1/31/2024,1 Gb Unlimited Indosat,1,38000,34079,3921
1/31/2024,Pulsa Listrik 20 K,1,24000,20060,3940
1/31/2024,Ff 70 Dm,1,12000,9055,2945
1/31/2024,5 Gb Xl Unlimited,1,25000,18387,6613
1/31/2024,5 Gb Xl Unlimited,1,25000,18042,6958
1/31/2024,1 Gb Unlimited Indosat,1,38000,34079,3921
1/31/2024,Top Up Dana 53 K,1,56000,53550,2450
1/31/2024,Top Up Dana 26 K,1,29000,26550,2450
1/30/2024,Pulsa Indosat 10 K,1,13000,10855,2145
1/30/2024,Pulsa Indosat 10 K,1,13000,10850,2150
1/30/2024,Top Up Dana 22 K,1,25000,22350,2650
1/30/2024,Pulsa Listrik 20 K,1,24000,20050,3950
1/29/2024,10 Gb Xl (30 Hari),1,35000,29800,5200
1/29/2024,1 Gb Unlimited Indosat,1,38000,34079,3921
1/29/2024,Top Up Dana 23 K,1,26000,23350,2650
1/29/2024,Kartu Xl,1,13000,8000,5000
1/29/2024,Pulsa Indosat 10 K,1,13000,10395,2605
1/29/2024,5 Gb Indosat (5 Hari),1,21000,17850,3150
1/29/2024,6 Gb Xl (7 Hari),1,18000,14009,3991
1/29/2024,Pulsa Indosat 15 K,1,18000,14659,3341
1/29/2024,Top Up Dana 20 K,1,23000,20350,2650
1/28/2024,Batu Baterai,4,10000,3024,6976
1/28/2024,Pulsa Telkomsel 25 K,1,28000,25060,2940
1/28/2024,Pulsa Axis 5 K,1,8000,5860,2140
1/28/2024,12 Gb Telkomsel,1,40000,35000,5000
1/28/2024,Pulsa Listrik 20 K,1,24000,20060,3940
1/28/2024,Top Up Dana 90K,1,93000,90350,2650
1/28/2024,5 Gb Xl Unlimited,1,25000,18248,6752
1/28/2024,5 Gb Xl Unlimited,1,25000,18387,6613
1/28/2024,5 Gb Xl Unlimited,1,25000,18387,6613
1/28/2024,1 Gb Unlimited Indosat,1,38000,34079,3921
1/27/2024,3 Gb Indosat (30 Hari),1,22000,20221,1779
1/27/2024,1 Gb Unlimited Indosat,1,38000,34079,3921
1/27/2024,Top Up Dana 100 K,1,104000,100350,3650
1/27/2024,5 Gb Indosat (5 Hari),1,21000,17850,3150
1/27/2024,Top Up Dana 30 K,1,33000,30350,2650
1/27/2024,Pulsa Indosat 20 K,1,23000,19950,3050
1/27/2024,Pulsa Indosat 10 K,1,13000,10395,2605
1/27/2024,3 Gb Axis (3 Hari),1,12000,9500,2500
1/27/2024,Pulsa Indosat 15 K,1,18000,14659,3341
1/27/2024,10 Gb Xl (7 Hari),1,22000,18300,3700
1/27/2024,1 Gb Indosat (3 Hari),1,8000,6200,1800
1/26/2024,"2,5 Gb Indosat (5 Hari)",1,15000,13150,1850
1/26/2024,5 Gb Xl Unlimited,1,25000,17963,7037
1/26/2024,"2,5 Gb Indosat (5 Hari)",1,15000,13150,1850
1/26/2024,Top Up Dana 30 K,1,33000,30350,2650
1/26/2024,1 Gb Unlimited Indosat,1,38000,34079,3921
1/26/2024,Top Up Dana 20 K,1,23000,20350,2650
1/26/2024,Pulsa Indosat 10 K,1,13000,10825,2175
1/26/2024,5 Gb Xl Unlimited,1,25000,17951,7049
1/26/2024,5 Gb Xl Unlimited,1,25000,18387,6613
1/26/2024,6 Gb Xl (7 Hari),1,18000,14009,3991
1/26/2024,3 Gb Axis (3 Hari),1,12000,8973,3027
1/26/2024,Top Up Dana 42 K,1,45000,42550,2450
1/26/2024,1 Gb Indosat (3 Hari),1,8000,6200,1800
1/26/2024,Kartu Indosat,1,14000,10800,3200
1/25/2024,6 Gb Xl (7 Hari),1,18000,14009,3991
1/25/2024,10 Gb Xl (7 Hari),1,22000,18000,4000
1/25/2024,"2,5 Gb Indosat (5 Hari)",1,15000,13150,1850
1/25/2024,Pulsa Indosat 10 K,1,13000,10865,2135
1/25/2024,Pulsa Listrik 50 K,1,54000,50060,3940
1/25/2024,5 Gb Indosat (5 Hari),1,21000,17850,3150
1/25/2024,Pulsa Indosat 15 K,1,18000,14975,3025
1/24/2024,Top Up Dana 25 K,1,28000,25350,2650
1/24/2024,Top Up Dana 50 K,1,53000,50350,2650
1/24/2024,Top Up Dana 50 K,1,53000,50350,2650
1/24/2024,1 Gb Indosat (3 Hari),1,8000,6200,1800
1/24/2024,Pulsa Indosat 30 K,1,33000,29094,3906
1/24/2024,Pulsa Indosat 20 K,1,23000,19500,3500
1/24/2024,"2,5 Gb Indosat (5 Hari)",1,15000,13150,1850
1/24/2024,Top Up Ovo 50 K,1,53000,50850,2150
1/24/2024,6 Gb Xl (7 Hari),1,18000,14009,3991
1/24/2024,1 Gb Indosat (3 Hari),1,8000,6200,1800
1/23/2024,1 Gb Indosat (3 Hari),1,8000,6200,1800
1/23/2024,10 Gb Xl (7 Hari),1,22000,16500,5500
1/23/2024,Masker,1,1000,150,850
1/23/2024,Ff 70 Dm,1,12000,9055,2945
1/23/2024,1 Gb Indosat (3 Hari),1,8000,6200,1800
1/23/2024,3 Gb Axis (3 Hari),1,12000,9300,2700
1/23/2024,1 Gb Unlimited Indosat,1,38000,34079,3921
1/23/2024,25 Gb Xl Unlimited,1,70000,61300,8700
1/23/2024,Pulsa Listrik 20 K,1,24000,20060,3940
1/23/2024,5 Gb Indosat (5 Hari),1,21000,17850,3150
1/23/2024,8 Gb Axis (30 Hari),1,30000,26200,3800
1/23/2024,3 Gb Indosat (30 Hari),1,23000,20221,2779
1/23/2024,5 Gb Xl Unlimited,1,25000,18387,6613
1/23/2024,4 Gb Axis (5 Hari),1,15000,11300,3700
1/23/2024,"2,5 Gb Indosat (5 Hari)",1,15000,13150,1850
1/22/2024,Baterai A3 Kecil,2,4000,1300,2700
1/22/2024,Pulsa Indosat 20 K,1,23000,19500,3500
1/22/2024,Pulsa Indosat 10 K,1,13000,10395,2605
1/22/2024,Pulsa Indosat 15 K,1,18000,14659,3341
1/22/2024,"2,5 Gb Indosat (5 Hari)",1,15000,13150,1850
1/22/2024,Top Up Dana 27 K,1,30000,27550,2450
1/22/2024,Pulsa Indosat 30 K,1,33000,29094,3906
1/22/2024,Top Up Ovo 50 K,1,53000,50850,2150
1/22/2024,1 Gb Unlimited Indosat,1,38000,34079,3921
1/21/2024,Kartu Indosat,1,14000,10800,3200
1/21/2024,Pulsa Indosat 25 K,1,28000,24400,3600
1/21/2024,1 Gb Indosat (3 Hari),1,8000,6200,1800
1/21/2024,1 Gb Indosat (3 Hari),1,8000,6200,1800
1/21/2024,Pulsa Xl 15 K,1,18000,14950,3050
1/21/2024,Pulsa Listrik 50 K,1,54000,50060,3940
1/21/2024,Top Up Dana 47 K,1,50000,47550,2450
1/21/2024,Tagihan Listrik,1,28000,25300,2700
1/21/2024,Pulsa Indosat 50 K,1,53000,49500,3500
1/21/2024,Batu Baterai,1,2500,756,1744
1/21/2024,Pulsa Indosat 10 K,1,13000,10395,2605
1/21/2024,Pulsa Indosat 10 K,1,13000,10395,2605
1/21/2024,"2,5 Gb Indosat (5 Hari)",1,15000,13150,1850
1/21/2024,5 Gb Indosat (5 Hari),1,21000,17850,3150
1/21/2024,Pulsa Indosat 110 K,1,113000,107500,5500
1/21/2024,Top Up Dana 20 K,1,23000,20000,3000
1/20/2024,Pulsa Indosat 10 K,1,13000,10395,2605
1/20/2024,Top Up Dana 32 K,1,35000,32550,2450
1/20/2024,Top Up Dana 33 K,1,36000,33550,2450
1/20/2024,Top Up Dana 34 K,1,37000,34550,2450
1/20/2024,Pulsa Indosat 50 K,1,53000,47315,5685
1/20/2024,6 Gb Xl (7 Hari),1,18000,14009,3991
1/20/2024,Pulsa Indosat 10 K,1,13000,10395,2605
1/20/2024,Pulsa Indosat 10 K,1,13000,10395,2605
1/20/2024,Pulsa Indosat 10 K,1,13000,10395,2605
1/20/2024,5 Gb Xl Unlimited,1,25000,18387,6613
1/20/2024,5 Gb Xl Unlimited,1,25000,18387,6613
1/20/2024,1 Gb Indosat (3 Hari),1,8000,6200,1800
1/20/2024,1 Gb Indosat (3 Hari),1,8000,6200,1800
1/19/2024,5 Gb Xl Unlimited,2,50000,36774,13226
1/19/2024,5 Gb Xl Unlimited,1,25000,18387,6613
1/19/2024,5 Gb Xl Unlimited,1,25000,18387,6613
1/19/2024,1 Gb Unlimited Indosat,1,38000,34079,3921
1/19/2024,Top Up Dana 30 K,1,33000,30350,2650
1/19/2024,Pulsa Listrik 20 K,1,24000,20060,3940
1/19/2024,Pulsa Indosat 20 K,1,23000,19500,3500
1/19/2024,Pulsa Indosat 20 K,1,23000,19500,3500
1/19/2024,Pulsa Indosat 10 K,1,13000,10395,2605
1/19/2024,Pulsa Indosat 10 K,1,13000,10395,2605
1/19/2024,5 Gb Axis (5 Hari),1,17000,14500,2500
1/19/2024,9 Gb Indosat,1,50000,33000,17000
1/19/2024,Top Up Dana 50 K,1,53000,50350,2650
1/19/2024,Top Up Dana 25 K,1,28000,25350,2650
1/18/2024,1 Gb Indosat (3 Hari),1,8000,6200,1800
1/18/2024,1 Gb Indosat (3 Hari),1,8000,6200,1800
1/18/2024,3 Gb Axis (3 Hari),1,12000,9300,2700
1/18/2024,Top Up Dana 79 K,1,82000,79000,3000
1/18/2024,Top Up Dana 50 K,1,53000,50350,2650
1/18/2024,1 Gb Indosat (3 Hari),1,8000,6200,1800
1/18/2024,Pulsa Listrik 50 K,1,54000,50060,3940
1/18/2024,10 Gb Xl (7 Hari),1,22000,16500,5500
1/18/2024,Pulsa Indosat 10 K,1,13000,10395,2605
1/18/2024,3 Gb Indosat (30 Hari),1,23000,20221,2779
1/18/2024,Pulsa Axis 10 K,1,13000,10850,2150
1/18/2024,1 Gb Unlimited Indosat,1,38000,34079,3921
1/18/2024,5 Gb Indosat (5 Hari),1,21000,17850,3150
1/18/2024,Pulsa Indosat 20 K,1,23000,19500,3500
1/17/2024,Pulsa Indosat 10 K,1,13000,10395,2605
1/17/2024,5 Gb Xl Unlimited,1,25000,18387,6613
1/17/2024,Pulsa Telkomsel 10 K,1,13000,10230,2770
1/17/2024,Top Up Dana 49 K,1,52000,49550,2450
1/17/2024,5 Gb Indosat (5 Hari),1,21000,17850,3150
1/17/2024,Top Up Dana 50 K,1,53000,50350,2650
1/17/2024,Top Up Gopay 15 K,1,18000,15500,2500
1/17/2024,Top Up Dana 27 K,1,30000,27550,2450
1/17/2024,"2,5 Gb Indosat (5 Hari)",1,15000,13150,1850
1/17/2024,5 Gb Xl Unlimited,1,25000,18387,6613
1/17/2024,Ff 120 Dm,1,20000,15800,4200
1/17/2024,Ff 70 Dm,1,12000,9055,2945
1/17/2024,6 Gb Xl (7 Hari),1,18000,14009,3991
1/17/2024,2 Gb Unlimited Indosat,1,60000,56675,3325
1/17/2024,1 Gb Indosat (3 Hari),1,8000,6200,1800
1/17/2024,1 Gb Indosat (3 Hari),1,8000,6200,1800
1/16/2024,"2,5 Gb Indosat (5 Hari)",1,15000,13150,1850
1/16/2024,"2,5 Gb Indosat (5 Hari)",1,15000,13150,1850
1/16/2024,4 Gb Axis (5 Hari),1,15000,9197,5803
1/16/2024,Top Up Dana 30 K,1,33000,30350,2650
1/16/2024,45 Gb Xl Unlimited,1,90000,83300,6700
1/16/2024,Pulsa Indosat 10 K,1,13000,10395,2605
1/16/2024,5 Gb Xl Unlimited,1,25000,18387,6613
1/16/2024,Pulsa Indosat 10 K,1,13000,10395,2605
1/16/2024,Top Up Dana 50 K,1,53000,50350,2650
1/16/2024,Top Up Dana 50 K,1,53000,50000,3000
1/16/2024,Ff 140 Dm,1,22000,17320,4680
1/16/2024,1 Gb Indosat (3 Hari),1,8000,6200,1800
1/16/2024,1 Gb Indosat (3 Hari),1,8000,6200,1800
1/15/2024,Pulsa Indosat 15 K,1,18000,14659,3341
1/15/2024,Tarik Uang,1,6000,0,6000
1/15/2024,10 Gb Xl (30 Hari),1,35000,28790,6210
1/15/2024,Pulsa Listrik 20 K,1,24000,20060,3940
1/15/2024,Top Up Dana 50 K,1,53000,50350,2650
1/15/2024,Pulsa Listrik 20 K,1,24000,20060,3940
1/15/2024,Pulsa Xl 15 K,1,18000,14950,3050
1/15/2024,Top Up Dana 25 K,1,28000,25350,2650
1/15/2024,Top Up Dana 27 K,1,30000,27550,2450
1/15/2024,Top Up Dana 30 K,1,33000,30350,2650
1/15/2024,Pulsa Indosat 10 K,1,13000,10395,2605
1/15/2024,Pulsa Indosat 20 K,1,23000,19500,3500
1/15/2024,Pulsa Indosat 10 K,1,13000,10395,2605
1/15/2024,"2,5 Gb Indosat (5 Hari)",1,15000,13150,1850
1/15/2024,"2,5 Gb Indosat (5 Hari)",1,15000,13150,1850
1/14/2024,Pulsa Indosat 20 K,1,23000,19950,3050
1/14/2024,Top Up Dana 45 K,1,48000,45350,2650
1/14/2024,Ml 12 Dm,1,6000,4119,1881
1/14/2024,Ml 100 Dm,1,32000,28000,4000
1/14/2024,Ml 19 Dm,1,8000,5500,2500
1/14/2024,Ff 40 Dm,1,9000,6778,2222
1/14/2024,Pulsa Indosat 10 K,1,13000,10395,2605
1/14/2024,Top Up Dana 20 K,1,23000,20350,2650
1/14/2024,Pulsa Indosat 10 K,1,13000,10395,2605
1/14/2024,Ml 170 Dm,1,50000,45500,4500
1/14/2024,5 Gb Xl Unlimited,1,25000,18387,6613
1/14/2024,1 Gb Unlimited Indosat,1,38000,34079,3921
1/14/2024,Pulsa Indosat 25 K,1,28000,24400,3600
1/14/2024,Top Up Dana 55 K,1,58000,55350,2650
1/14/2024,Ff 120 Dm,1,20000,15800,4200
1/14/2024,5 Gb Indosat (5 Hari),1,21000,17850,3150
1/13/2024,Paket Sms Indosat,2,34000,24900,9100
1/13/2024,10 Gb Xl (7 Hari),2,44000,33000,11000
1/13/2024,1 Gb Indosat (3 Hari),1,8000,6200,1800
1/13/2024,1 Gb Indosat (3 Hari),1,8000,6200,1800
1/13/2024,1 Gb Indosat (3 Hari),1,8000,6200,1800
1/13/2024,1 Gb Indosat (3 Hari),1,8000,6200,1800
1/13/2024,Pulsa Indosat 10 K,1,13000,10395,2605
1/13/2024,Pulsa Indosat 10 K,1,13000,10395,2605
1/13/2024,Ff 150 Dm,1,24000,19710,4290
1/13/2024,6 Gb Xl (7 Hari),1,18000,14009,3991
1/13/2024,5 Gb Axis (5 Hari),1,17000,12807,4193
1/13/2024,Pulsa Indosat 20 K,1,23000,19950,3050
1/13/2024,"1,5 Gb Three",1,12000,9683,2317
1/13/2024,Tarik Uang,1,3000,0,3000
1/13/2024,Top Up Dana 30 K,1,33000,30350,2650
1/13/2024,5 Gb Axis (5 Hari),1,17000,14200,2800
1/13/2024,Top Up Dana 30 K,1,33000,30350,2650
1/13/2024,4 Gb Axis (30 Hari),1,18000,15000,3000
1/13/2024,10 Gb Xl (7 Hari),1,22000,16500,5500
1/13/2024,Top Up Dana 40 K,1,43000,40350,2650
1/13/2024,8 Gb Axis (30 Hari),1,30000,26200,3800
1/13/2024,Top Up Dana 30 K,1,33000,30350,2650
1/12/2024,5 Gb Xl Unlimited,1,25000,18387,6613
1/12/2024,Pulsa Axis 10 K,1,13000,10850,2150
1/12/2024,5 Gb Xl Unlimited,1,25000,18387,6613
1/12/2024,"2,5 Gb Indosat (5 Hari)",1,15000,13150,1850
1/12/2024,"2,5 Gb Indosat (5 Hari)",1,15000,13150,1850
1/12/2024,Pulsa Indosat 10 K,1,13000,10395,2605
1/12/2024,3 Gb Indosat (30 Hari),1,23000,20221,2779
1/12/2024,Top Up Dana 30 K,1,33000,30350,2650
1/12/2024,Top Up Dana 40 K,1,43000,40350,2650
1/12/2024,Top Up Dana 21 K,1,24000,21350,2650
1/12/2024,1 Gb Indosat (3 Hari),1,8000,6200,1800
1/12/2024,1 Gb Indosat (3 Hari),1,8000,6200,1800
1/12/2024,Top Up Dana 51 K,1,54000,51550,2450
1/12/2024,4 Gb Axis (5 Hari),1,15000,9197,5803
1/12/2024,1 Gb Unlimited Indosat,1,38000,34079,3921
1/12/2024,Pulsa Listrik 20 K,1,24000,20060,3940
1/12/2024,Tarik Uang,1,3000,0,3000
1/11/2024,Top Up Dana 60 K,1,63000,60350,2650
1/11/2024,Top Up Dana 60 K,1,63000,60350,2650
1/11/2024,5 Gb Indosat (5 Hari),1,21000,17850,3150
1/11/2024,1 Gb Indosat (3 Hari),1,8000,6200,1800
1/11/2024,1 Gb Indosat (3 Hari),1,8000,6200,1800
1/11/2024,5 Gb Xl Unlimited,1,25000,18387,6613
1/11/2024,Pulsa Xl 10 K,1,13000,10850,2150
1/11/2024,Top Up Dana 30 K,1,33000,30350,2650
1/11/2024,Pulsa Telkomsel 50 K,1,53000,49500,3500
1/11/2024,6 Gb Xl (7 Hari),1,18000,14100,3900
1/11/2024,Top Up Gopay 20 K,1,23000,20575,2425
1/10/2024,Masker,5,5000,750,4250
1/10/2024,Pulsa Indosat 5 K,1,8000,5604,2396
1/10/2024,Top Up Dana 50 K,1,53000,50350,2650
1/10/2024,Pulsa Listrik 20 K,1,24000,20060,3940
1/10/2024,Top Up Dana 60 K,1,63000,60350,2650
1/10/2024,8 Gb Axis (30 Hari),1,28000,25475,2525
1/10/2024,Pulsa Indosat 5 K,1,8000,5604,2396
1/10/2024,"2,5 Gb Indosat (5 Hari)",1,15000,13150,1850
1/10/2024,Pulsa Indosat 20 K,1,23000,19950,3050
1/10/2024,Colokan Biasa,1,3000,2000,1000
1/10/2024,10 Gb Xl (7 Hari),1,22000,16500,5500
1/10/2024,Pulsa Indosat 25 K,1,28000,25500,2500
1/9/2024,Top Up Dana 50 K,1,53000,50350,2650
1/9/2024,Top Up Dana 30 K,1,33000,30350,2650
1/9/2024,Pulsa Telkomsel 30K,1,33000,29500,3500
1/9/2024,1 Gb Unlimited Indosat,1,38000,34079,3921
1/9/2024,10 Gb Xl (7 Hari),1,22000,18300,3700
1/9/2024,Pulsa Indosat 10 K,1,13000,10395,2605
1/9/2024,Pulsa Indosat 20 K,1,23000,19500,3500
1/9/2024,5 Gb Xl Unlimited,1,25000,18387,6613
1/9/2024,Top Up Dana 27 K,1,30000,27550,2450
1/9/2024,5 Gb Xl Unlimited,1,25000,18387,6613
1/9/2024,Top Up Dana 65 K,1,68000,65350,2650
1/9/2024,6 Gb Xl (7 Hari),1,18000,13009,4991
1/9/2024,1 Gb Unlimited Indosat,1,38000,34079,3921
1/9/2024,1 Gb Indosat (3 Hari),1,8000,6200,1800
1/8/2024,5 Gb Xl Unlimited,1,25000,18387,6613
1/8/2024,Pulsa Indosat 20 K,1,23000,19500,3500
1/8/2024,4 Gb Axis (5 Hari),1,15000,11000,4000
1/8/2024,Ff 70 Dm,1,12000,9055,2945
1/8/2024,Ff 50 Dm,1,10000,6706,3294
1/8/2024,Pulsa Indosat 20 K,1,23000,19500,3500
1/8/2024,1 Gb Unlimited Indosat,1,38000,34079,3921
1/8/2024,3 Gb Axis (3 Hari),1,12000,9300,2700
1/8/2024,Pulsa Listrik 20 K,1,24000,20060,3940
1/8/2024,1 Gb Unlimited Indosat,1,38000,34300,3700
1/8/2024,1 Gb Indosat (3 Hari),1,8000,6200,1800
1/8/2024,Top Up Dana 80 K,1,83000,80350,2650
1/7/2024,Pulsa Indosat 10 K,1,13000,10395,2605
1/7/2024,Pulsa Indosat 10 K,1,13000,10395,2605
1/7/2024,Kartu Xl,1,13000,8000,5000
1/7/2024,1 Gb Unlimited Indosat,1,38000,34079,3921
1/7/2024,"2,5 Gb Indosat (5 Hari)",1,15000,13150,1850
1/7/2024,Top Up Dana 19 K,1,22000,19350,2650
1/7/2024,Top Up Dana 100 K,1,103000,100350,2650
1/7/2024,18 Gb Xl (7Hari),1,27000,23800,3200
1/7/2024,Pulsa Telkomsel 50 K,1,53000,47461,5539
1/7/2024,1 Gb Unlimited Indosat,1,38000,34079,3921
1/7/2024,Ff 70 Dm,1,12000,9055,2945
1/7/2024,Top Up Dana 50 K,1,53000,50350,2650
1/7/2024,10 Gb Xl (7 Hari),1,22000,16500,5500
1/6/2024,Baterai A3 Kecil,2,5000,1300,3700
1/6/2024,Ff 70 Dm,1,12000,9055,2945
1/6/2024,Top Up Dana 24 K,1,27000,24350,2650
1/6/2024,5 Gb Indosat (5 Hari),1,21000,17850,3150
1/6/2024,1 Gb Indosat (3 Hari),1,8000,6200,1800
1/6/2024,Ff 70 Dm,1,12000,9055,2945
1/6/2024,5 Gb Indosat (5 Hari),1,21000,17850,3150
1/6/2024,25 Gb Xl Unlimited,1,65000,63000,2000
1/6/2024,1 Gb Unlimited Indosat,1,38000,34079,3921
1/6/2024,5 Gb Indosat (5 Hari),1,21000,17850,3150
1/6/2024,Top Up Dana 22 K,1,25000,22000,3000
1/6/2024,Pulsa Indosat 10 K,1,13000,10395,2605
1/6/2024,3 Gb Indosat (30 Hari),1,23000,20221,2779
1/5/2024,Pulsa Indosat 20 K,1,23000,19500,3500
1/5/2024,Top Up Dana 25 K,1,28000,25350,2650
1/5/2024,9 Gb Indosat,1,50000,33469,16531
1/5/2024,1 Gb Unlimited Indosat,1,38000,34079,3921
1/5/2024,Paket Telepon Indosat,1,17000,10500,6500
1/5/2024,Ml 170 Dm,1,50000,45000,5000
1/5/2024,Pulsa Indosat 20 K,1,23000,19500,3500
1/5/2024,Pulsa Indosat 20 K,1,23000,19950,3050
1/5/2024,Pulsa Indosat 10 K,1,13000,10395,2605
1/5/2024,"2,5 Gb Indosat (5 Hari)",1,15000,13150,1850
1/5/2024,4 Gb Axis (5 Hari),1,15000,9197,5803
1/5/2024,1 Gb Indosat (3 Hari),1,8000,6200,1800
1/4/2024,Top Up Dana 24 K,1,27000,24550,2450
1/4/2024,Pulsa Indosat 25 K,1,28000,24400,3600
1/4/2024,Pulsa Telkomsel 25 K,1,28000,24850,3150
1/4/2024,10 Gb Xl (7 Hari),1,22000,16500,5500
1/4/2024,Top Up Dana 32 K,1,35000,32000,3000
1/4/2024,Pulsa Indosat 20 K,1,23000,19500,3500
1/4/2024,Top Up Dana 20 K,1,23000,20350,2650
1/4/2024,Pulsa Indosat 10 K,1,13000,10395,2605
1/4/2024,Top Up Dana 25 K,1,28000,25350,2650
1/4/2024,5 Gb Indosat (5 Hari),1,21000,17850,3150
1/4/2024,1 Gb Indosat (3 Hari),1,8000,6200,1800
1/4/2024,1 Gb Indosat (3 Hari),1,8000,6200,1800
1/4/2024,18 Gb Xl (7Hari),1,27000,22000,5000
1/4/2024,Top Up Dana 50 K,1,53000,50000,3000
1/4/2024,Top Up Dana 50 K,1,53000,50350,2650
1/4/2024,1 Gb Indosat (3 Hari),1,8000,6200,1800
1/4/2024,1 Gb Indosat (3 Hari),1,8000,6200,1800
1/3/2024,Top Up Dana 89 K,1,92000,89000,3000
1/3/2024,5 Gb Indosat (5 Hari),1,21000,17850,3150
1/3/2024,1 Gb Indosat (3 Hari),1,8000,6200,1800
1/3/2024,1 Gb Indosat (3 Hari),1,8000,6200,1800
1/3/2024,Tarik Uang,1,3000,0,3000
1/3/2024,Pulsa Indosat 20 K,1,23000,19500,3500
1/3/2024,Top Up Dana 40 K,1,43000,40350,2650
1/3/2024,"2,5 Gb Indosat (5 Hari)",1,15000,13150,1850
1/2/2024,Ff 50 Dm,1,10000,6706,3294
1/2/2024,Pulsa Axis 5 K,1,8000,5856,2144
1/2/2024,Ff 375 Dm,1,50000,48207,1793
1/2/2024,Tarik Uang,1,3000,0,3000
1/2/2024,Ff 1000 Dm,1,150000,131300,18700
1/2/2024,3 Gb Indosat (30 Hari),1,23000,20221,2779
1/2/2024,Tarik Uang,1,3000,0,3000
1/2/2024,10 Gb Xl (7 Hari),1,22000,16500,5500
1/2/2024,Pulsa Listrik 50 K,1,54000,50060,3940
1/2/2024,Top Up Dana 50 K,1,53000,50350,2650
1/2/2024,Pulsa Listrik 20 K,1,24000,20060,3940
1/2/2024,1 Gb Unlimited Indosat,1,38000,34079,3921
1/2/2024,Top Up Dana 25 K,1,28000,25350,2650
1/2/2024,Pulsa Listrik 20 K,1,24000,20060,3940
1/2/2024,10 Gb Xl (7 Hari),1,22000,16500,5500
1/2/2024,Top Up Dana 50 K,1,53000,50350,2650
1/2/2024,1 Gb Indosat (3 Hari),1,8000,6200,1800
1/2/2024,1 Gb Indosat (3 Hari),1,8000,6200,1800
1/1/2024,1 Gb Indosat (3 Hari),2,16000,12400,3600
1/1/2024,1 Gb Unlimited Indosat,1,38000,34079,3921
1/1/2024,Top Up Dana 28 K,1,31000,28550,2450
1/1/2024,Pulsa Indosat 60 K,1,63000,59000,4000
1/1/2024,1 Gb Unlimited Indosat,1,38000,34079,3921
1/1/2024,Top Up Dana 50 K,1,53000,50350,2650
1/1/2024,Kartu Axis,1,13000,10000,3000
1/1/2024,1 Gb Unlimited Indosat,1,38000,34079,3921
1/1/2024,Pulsa Listrik 20 K,1,24000,20060,3940
1/1/2024,1 Gb Unlimited Indosat,1,38000,34079,3921
1/1/2024,1 Gb Indosat (3 Hari),1,8000,6200,1800
1/1/2024,8 Gb Axis (30 Hari),1,28000,26500,1500
1/1/2024,1 Gb Indosat (3 Hari),1,8000,6200,1800
12/31/2023,Top Up Dana 25 K,1,28000,25350,2650
12/31/2023,Ml 5 Dm,1,3000,1500,1500
12/31/2023,Ff 70 Dm,1,12000,9055,2945
12/31/2023,1 Gb Indosat (3 Hari),1,8000,6200,1800
12/31/2023,1 Gb Indosat (3 Hari),1,8000,6200,1800
12/31/2023,Top Up Dana 50 K,1,53000,50350,2650
12/31/2023,Pulsa Indosat 25 K,1,28000,24400,3600
12/31/2023,Pulsa Listrik 20 K,1,24000,20060,3940
12/31/2023,Pulsa Indosat 50 K,1,53000,48000,5000
12/31/2023,Pulsa Axis 5 K,1,8000,5856,2144
12/31/2023,1 Gb Indosat (3 Hari),1,8000,6200,1800
12/31/2023,1 Gb Indosat (3 Hari),1,8000,6200,1800
12/31/2023,Top Up Dana 40 K,1,43000,40350,2650
12/31/2023,5 Gb Xl Unlimited,1,25000,18387,6613
12/31/2023,Pulsa Indosat 10 K,1,13000,10395,2605
12/31/2023,5 Gb Xl Unlimited,1,25000,18387,6613
12/31/2023,"2,5 Gb Indosat (5 Hari)",1,15000,13150,1850
12/31/2023,"2,5 Gb Indosat (5 Hari)",1,15000,13150,1850
12/31/2023,Pulsa Xl 20 K,1,23000,18979,4021
12/31/2023,Pulsa Telkomsel 20 K,1,23000,19800,3200
12/30/2023,5 Gb Indosat (5 Hari),1,21000,17850,3150
12/30/2023,1 Gb Unlimited Indosat,1,38000,34079,3921
12/30/2023,Pulsa Listrik 20 K,1,24000,20060,3940
12/30/2023,Top Up Dana 32 K,1,35000,32550,2450
12/30/2023,3 Gb Axis (3 Hari),1,12000,8973,3027
12/30/2023,25 Gb Xl Unlimited,1,65000,59558,5442
12/30/2023,Pulsa Indosat 20 K,1,23000,19500,3500
12/30/2023,6 Gb Xl (7 Hari),1,18000,13009,4991
12/30/2023,4 Gb Axis (5 Hari),1,15000,9197,5803
12/29/2023,Pulsa Listrik 50 K,1,54000,50060,3940
12/29/2023,"2,5 Gb Indosat (5 Hari)",1,15000,13150,1850
12/29/2023,8 Gb Axis (30 Hari),1,28000,25475,2525
12/29/2023,Ff 720 Dm,1,100000,91000,9000
12/29/2023,Ff 355 Dm,1,50000,45000,5000
12/29/2023,Pulsa Indosat 20 K,1,23000,19500,3500
12/29/2023,Top Up Dana 20 K,1,23000,20350,2650
12/29/2023,Pulsa Indosat 10 K,1,13000,10395,2605
12/29/2023,5 Gb Xl Unlimited,1,25000,18387,6613
12/29/2023,5 Gb Xl Unlimited,1,25000,18387,6613
12/29/2023,1 Gb Indosat (3 Hari),1,8000,6200,1800
12/29/2023,10 Gb Xl (7 Hari),1,22000,16500,5500
12/29/2023,6 Gb Xl (7 Hari),1,18000,13009,4991
12/29/2023,Pulsa Indosat 25 K,1,28000,24400,3600
12/29/2023,Top Up Dana 85 K,1,88000,85550,2450
12/29/2023,Ff 10 Dm,1,3000,1845,1155
12/28/2023,Ff 70 Dm,1,12000,9055,2945
12/28/2023,Top Up Dana 50 K,1,53000,50350,2650
12/28/2023,5 Gb Indosat (5 Hari),1,21000,17850,3150
12/28/2023,1 Gb Indosat (3 Hari),1,8000,6200,1800
12/28/2023,5 Gb Indosat (5 Hari),1,21000,17850,3150
12/28/2023,5 Gb Xl Unlimited,1,25000,18387,6613
12/28/2023,1 Gb Unlimited Indosat,1,38000,34079,3921
12/28/2023,Top Up Dana 25 K,1,28000,25350,2650
12/28/2023,Ff 70 Dm,1,12000,9055,2945
12/27/2023,"2,5 Gb Indosat (5 Hari)",1,15000,13150,1850
12/27/2023,Pulsa Indosat 10 K,1,13000,10395,2605
12/27/2023,4 Gb Axis (5 Hari),1,15000,9197,5803
12/27/2023,Top Up Dana 50 K,1,53000,50350,2650
12/27/2023,4 Gb Axis (5 Hari),1,15000,9197,5803
12/27/2023,Pulsa Indosat 20 K,1,23000,19500,3500
12/27/2023,Top Up Dana 81 K,1,84000,81550,2450
12/27/2023,Ff 25 Dm,1,7000,4457,2543
12/27/2023,Pulsa Listrik 20 K,1,24000,20060,3940
12/27/2023,5 Gb Indosat (5 Hari),1,21000,17850,3150
12/26/2023,Pulsa Xl 10 K,1,13000,10850,2150
12/26/2023,Pulsa Indosat 20 K,1,23000,19500,3500
12/26/2023,5 Gb Xl Unlimited,1,25000,18387,6613
12/26/2023,Ff 70 Dm,1,12000,9055,2945
12/26/2023,"2,5 Gb Indosat (5 Hari)",1,15000,13150,1850
12/26/2023,3 Gb Indosat (30 Hari),1,23000,20221,2779
12/26/2023,45 Gb Xl Unlimited,1,88000,82310,5690
12/26/2023,Top Up Dana 70 K,1,73000,70350,2650
12/26/2023,Top Up Dana 72 K,1,75000,72550,2450
12/26/2023,10 Gb Xl (7 Hari),1,22000,16500,5500
12/26/2023,Top Up Dana 50 K,1,53000,50350,2650
12/26/2023,Top Up Dana 30 K,1,33000,30350,2650
12/26/2023,5 Gb Axis (5 Hari),1,17000,12807,4193
12/26/2023,Tarik Uang,1,3000,0,3000
12/26/2023,1 Gb Unlimited Indosat,1,38000,34079,3921
12/26/2023,Top Up Dana 25 K,1,28000,25350,2650
12/26/2023,18 Gb Xl (7Hari),1,27000,22000,5000
12/26/2023,1 Gb Indosat (3 Hari),1,8000,6200,1800
12/26/2023,1 Gb Indosat (3 Hari),1,8000,6200,1800
12/25/2023,Top Up Dana 23 K,1,26000,23550,2450
12/25/2023,Top Up Dana 35 K,1,38000,35350,2650
12/25/2023,1 Gb Indosat (3 Hari),1,8000,6200,1800
12/25/2023,8 Gb Axis (30 Hari),1,28000,26406,1594
12/25/2023,5 Gb Indosat (5 Hari),1,21000,17850,3150
12/25/2023,4 Gb Axis (5 Hari),1,15000,9197,5803
12/25/2023,10 Gb Xl (7 Hari),1,22000,16500,5500
12/25/2023,Top Up Dana 50 K,1,53000,50350,2650
12/25/2023,Top Up Dana 37 K,1,40000,37550,2450
12/25/2023,Top Up Dana 20 K,1,23000,20350,2650
12/25/2023,Pulsa Indosat 10 K,1,13000,10395,2605
12/25/2023,Pulsa Indosat 20 K,1,23000,19500,3500
12/24/2023,1 Gb Indosat (3 Hari),1,8000,6200,1800
12/24/2023,1 Gb Unlimited Indosat,1,38000,34079,3921
12/24/2023,Ff 70 Dm,1,12000,9055,2945
12/24/2023,1 Gb Indosat (3 Hari),1,8000,6200,1800
12/24/2023,1 Gb Indosat (3 Hari),1,8000,6200,1800
12/24/2023,1 Gb Indosat (3 Hari),1,8000,6200,1800
12/24/2023,Ml 5 Dm,1,3000,1500,1500
12/24/2023,4 Gb Axis (5 Hari),1,15000,9197,5803
12/24/2023,Pulsa Indosat 10 K,1,13000,10395,2605
12/24/2023,"2,5 Gb Indosat (5 Hari)",1,15000,13150,1850
12/24/2023,Top Up Dana 50 K,1,53000,50350,2650
12/24/2023,10 Gb Xl (7 Hari),1,22000,16500,5500
12/24/2023,Pulsa Indosat 10 K,1,13000,10395,2605
12/24/2023,3 Gb Indosat (30 Hari),1,23000,20221,2779
12/24/2023,Top Up Dana 41 K,1,44000,41550,2450
12/24/2023,Top Up Dana 100 K,1,103000,100350,2650
12/24/2023,Top Up Dana 57 K,1,60000,57550,2450
12/24/2023,1 Gb Unlimited Indosat,1,38000,34079,3921
12/24/2023,Top Up Dana 60 K,1,63000,60350,2650
12/24/2023,Tagihan Listrik,1,28000,23412,4588
12/24/2023,18 Gb Xl (7Hari),1,27000,22000,5000
12/24/2023,Top Up Dana 25 K,1,28000,25350,2650
12/24/2023,Top Up Dana 50 K,1,53000,50350,2650
12/24/2023,1 Gb Unlimited Indosat,1,38000,34079,3921
12/23/2023,Ff 50 Dm,1,10000,6706,3294
12/23/2023,5 Gb Indosat (5 Hari),1,21000,17850,3150
12/23/2023,Top Up Gopay 30 K,1,33000,30500,2500
12/23/2023,Top Up Dana 31 K,1,34000,31550,2450
12/23/2023,Top Up Dana 20 K,1,23000,20000,3000
12/23/2023,Pulsa Indosat 10 K,1,13000,10395,2605
12/23/2023,Pulsa Indosat 10 K,1,13000,10395,2605
12/23/2023,Pulsa Indosat 10 K,1,13000,10395,2605
12/23/2023,3 Gb Axis (3 Hari),1,12000,8973,3027
12/23/2023,Pulsa Indosat 25 K,1,28000,24400,3600
12/23/2023,Top Up Dana 37 K,1,40000,37550,2450
12/23/2023,Top Up Dana 30 K,1,33000,30350,2650
12/23/2023,10 Gb Xl (7 Hari),1,22000,16500,5500
12/23/2023,4 Gb Axis (5 Hari),1,15000,9197,5803
12/23/2023,5 Gb Xl Unlimited,1,25000,18387,6613
12/23/2023,Pulsa Indosat 5 K,1,8000,5604,2396
12/23/2023,1 Gb Unlimited Indosat,1,38000,34079,3921
12/23/2023,1 Gb Unlimited Indosat,1,38000,34079,3921
12/22/2023,Pulsa Smartfren 20 K,1,23000,19750,3250
12/22/2023,3 Gb Indosat (30 Hari),1,23000,20221,2779
12/22/2023,Pulsa Indosat 20 K,1,23000,19500,3500
12/22/2023,"2,5 Gb Indosat (5 Hari)",1,15000,13150,1850
12/22/2023,Pulsa Indosat 10 K,1,13000,10395,2605
12/22/2023,Pulsa Indosat 20 K,1,23000,19500,3500
12/22/2023,Top Up Dana 20 K,1,23000,20350,2650
12/22/2023,Pulsa Indosat 25 K,1,28000,24400,3600
12/22/2023,Ff 12 Dm,1,4000,1870,2130
12/22/2023,Top Up Dana 50 K,1,53000,50350,2650
12/22/2023,Top Up Dana 40 K,1,43000,40350,2650
12/22/2023,Top Up Dana 110 K,1,113000,110550,2450
12/22/2023,"2,5 Gb Indosat (5 Hari)",1,15000,13150,1850
12/22/2023,Ff 80 Dm,1,15000,11267,3733
12/22/2023,Top Up Dana 50 K,1,53000,50350,2650
12/22/2023,Top Up Dana 30 K,1,33000,30350,2650
12/22/2023,Transfer Bank,1,55000,53000,2000
12/22/2023,5 Gb Indosat (5 Hari),1,21000,17850,3150
12/22/2023,Kartu Indosat,1,14000,10800,3200
12/22/2023,6 Gb Xl (7 Hari),1,18000,13009,4991
12/22/2023,6 Gb Xl (7 Hari),1,18000,13009,4991
12/22/2023,1 Gb Indosat (3 Hari),1,8000,6200,1800
12/21/2023,Top Up Dana 50 K,1,53000,50350,2650
12/21/2023,5 Gb Xl Unlimited,1,25000,18387,6613
12/21/2023,Pulsa Listrik 20 K,1,24000,20060,3940
12/21/2023,Top Up Dana 117 K,1,120000,117550,2450
12/21/2023,Top Up Dana 100 K,1,103000,100350,2650
12/21/2023,Pulsa Indosat 10 K,1,13000,10875,2125
12/21/2023,1 Gb Indosat (3 Hari),1,8000,6200,1800
12/21/2023,45 Gb Xl Unlimited,1,88000,84300,3700
12/21/2023,Top Up Dana 30 K,1,33000,30350,2650
12/21/2023,Top Up Dana 90K,1,93000,90350,2650
12/21/2023,1 Gb Indosat (3 Hari),1,8000,6200,1800
12/21/2023,1 Gb Indosat (3 Hari),1,8000,6200,1800
12/20/2023,Top Up Dana 57 K,1,60000,57550,2450
12/20/2023,Top Up Dana 24 K,1,27000,24350,2650
12/20/2023,6 Gb Xl (7 Hari),1,18000,13009,4991
12/20/2023,Top Up Dana 30 K,1,33000,30000,3000
12/20/2023,Top Up Dana 42 K,1,45000,42550,2450
12/20/2023,7 Gb Unlimited Indosat,1,110000,104000,6000
12/20/2023,Pulsa Listrik 50 K,1,54000,50060,3940
12/20/2023,5 Gb Indosat (5 Hari),1,21000,17850,3150
12/20/2023,6 Gb Xl (7 Hari),1,18000,13009,4991
12/20/2023,10 Gb Xl (7 Hari),1,22000,16500,5500
12/20/2023,1 Gb Indosat (3 Hari),1,8000,6200,1800
12/20/2023,4 Gb Axis (5 Hari),1,15000,9197,5803
12/20/2023,Pulsa Indosat 20 K,1,23000,19500,3500
12/20/2023,Top Up Dana 20 K,1,23000,20350,2650
12/20/2023,5 Gb Xl Unlimited,1,25000,18387,6613
12/20/2023,Pulsa Indosat 10 K,1,13000,10395,2605
12/19/2023,Top Up Dana 25 K,1,28000,25350,2650
12/19/2023,Pulsa Xl 15 K,1,18000,14950,3050
12/19/2023,1 Gb Indosat (3 Hari),1,8000,6200,1800
12/19/2023,1 Gb Indosat (3 Hari),1,8000,6200,1800
12/19/2023,Top Up Ovo 60 K,1,63000,60850,2150
12/19/2023,Top Up Dana 25 K,1,28000,25000,3000
12/19/2023,Top Up Dana 50 K,1,53000,50350,2650
12/19/2023,Pulsa Listrik 50 K,1,54000,50060,3940
12/19/2023,5 Gb Indosat (5 Hari),1,21000,17850,3150
12/19/2023,Top Up Dana 72 K,1,75000,72550,2450
12/19/2023,4 Gb Axis (5 Hari),1,15000,9197,5803
12/19/2023,"2,5 Gb Indosat (5 Hari)",1,15000,13150,1850
12/19/2023,Ml 100 Dm,1,32000,28000,4000
12/19/2023,5 Gb Indosat (5 Hari),1,21000,17850,3150
12/19/2023,Ff 12 Dm,1,4000,1870,2130
12/19/2023,Pulsa Indosat 20 K,1,23000,19500,3500
12/19/2023,Top Up Dana 20 K,1,23000,20350,2650
12/19/2023,"2,5 Gb Indosat (5 Hari)",1,15000,13150,1850
12/19/2023,Pulsa Indosat 20 K,1,23000,19950,3050
12/18/2023,1 Gb Unlimited Indosat,2,76000,68158,7842
12/18/2023,Top Up Ovo 50 K,1,53000,50850,2150
12/18/2023,Top Up Ovo 50 K,1,53000,50850,2150
12/18/2023,Top Up Dana 25 K,1,28000,25350,2650
12/18/2023,Top Up Dana 25 K,1,28000,25350,2650
12/18/2023,Pulsa Indosat 20 K,1,23000,19500,3500
12/18/2023,Ff 12 Dm,1,4000,1980,2020
12/18/2023,Ml 5 Dm,1,3000,1500,1500
12/18/2023,Ff 70 Dm,1,12000,9055,2945
12/18/2023,Tarik Uang,1,3000,0,3000
12/18/2023,Pulsa Listrik 20 K,1,24000,20060,3940
12/18/2023,Top Up Dana 20 K,1,23000,20350,2650
12/18/2023,Pulsa Xl 20 K,1,23000,18979,4021
12/18/2023,Top Up Dana 10 K,1,13000,10350,2650
12/18/2023,5 Gb Xl Unlimited,1,25000,18387,6613
12/18/2023,Top Up Dana 10 K,1,13000,10350,2650
12/17/2023,Batu Baterai,2,5000,1512,3488
12/17/2023,Pulsa Indosat 10 K,1,13000,10395,2605
12/17/2023,Pulsa Indosat 20 K,1,23000,19500,3500
12/17/2023,5 Gb Xl Unlimited,1,25000,18387,6613
12/17/2023,Ff 100 Dm,1,18000,13593,4407
12/17/2023,Top Up Dana 70 K,1,73000,70550,2450
12/17/2023,Top Up Dana 20 K,1,23000,20550,2450
12/17/2023,Pulsa Indosat 20 K,1,23000,19500,3500
12/17/2023,5 Gb Indosat (5 Hari),1,21000,17850,3150
12/17/2023,Tarik Uang,1,3000,0,3000
12/17/2023,1 Gb Indosat (3 Hari),1,8000,6200,1800
12/17/2023,Pulsa Indosat 150 K,1,153000,144000,9000
12/17/2023,Top Up Ovo 50 K,1,53000,50800,2200
12/17/2023,5 Gb Indosat (5 Hari),1,21000,17850,3150
12/17/2023,Top Up Ovo 70 K,1,73000,70850,2150
12/17/2023,Top Up Dana 25 K,1,28000,25550,2450
12/16/2023,Batu Baterai,2,5000,1512,3488
12/16/2023,Batu Baterai,2,5000,1512,3488
12/16/2023,4 Gb Axis (5 Hari),1,15000,9197,5803
12/16/2023,Top Up Dana 22 K,1,25000,22550,2450
12/16/2023,"2,5 Gb Indosat (5 Hari)",1,15000,13150,1850
12/16/2023,5 Gb Indosat (5 Hari),1,21000,17850,3150
12/16/2023,Top Up Dana 200 K,1,205000,200550,4450
12/16/2023,Top Up Dana 50 K,1,53000,50550,2450
12/16/2023,1 Gb Indosat (3 Hari),1,8000,6200,1800
12/16/2023,3 Gb Unlimited Indosat,1,85000,79900,5100
12/16/2023,Ff 5 Dm,1,2000,880,1120
12/16/2023,9 Gb Indosat,1,48000,33000,15000
12/16/2023,10 Gb Xl (7 Hari),1,22000,16500,5500
12/16/2023,5 Gb Indosat (5 Hari),1,21000,17850,3150
12/16/2023,Top Up Dana 30 K,1,33000,30550,2450
12/16/2023,1 Gb Indosat (3 Hari),1,8000,6200,1800
12/16/2023,1 Gb Indosat (3 Hari),1,8000,6200,1800
12/15/2023,Pulsa Indosat 10 K,1,13000,10880,2120
12/15/2023,Top Up Dana 10 K,1,13000,10550,2450
12/15/2023,"2,5 Gb Indosat (5 Hari)",1,15000,13150,1850
12/15/2023,Tarik Uang,1,3000,0,3000
12/15/2023,Pulsa Indosat 20 K,1,23000,19500,3500
12/15/2023,Pulsa Indosat 20 K,1,23000,19500,3500
12/15/2023,Pulsa Indosat 20 K,1,23000,19500,3500
12/14/2023,Pulsa Telkomsel 50 K,1,53000,47461,5539
12/14/2023,Pulsa Listrik 20 K,1,24000,20060,3940
12/14/2023,Top Up Dana 200 K,1,205000,200550,4450
12/14/2023,Top Up Dana 27 K,1,30000,27550,2450
12/14/2023,8 Gb Axis (30 Hari),1,28000,26467,1533
12/14/2023,3 Gb Indosat (30 Hari),1,23000,20221,2779
12/14/2023,Pulsa Indosat 20 K,1,23000,19500,3500
12/14/2023,Top Up Dana 20 K,1,23000,20550,2450
12/14/2023,Top Up Dana 24 K,1,27000,24550,2450
12/14/2023,Pulsa Xl 15 K,1,18000,14950,3050
12/14/2023,6 Gb Xl (7 Hari),1,18000,13009,4991
12/14/2023,Tarik Uang,1,3000,0,3000
12/14/2023,3 Gb Axis (3 Hari),1,12000,8973,3027
12/14/2023,1 Gb Indosat (3 Hari),1,8000,6200,1800
12/14/2023,Pulsa Indosat 20 K,1,23000,19500,3500
12/14/2023,Pulsa Indosat 20 K,1,23000,19500,3500
12/13/2023,Pulsa Indosat 10 K,1,13000,10880,2120
12/13/2023,Pulsa Indosat 10 K,1,13000,10880,2120
12/13/2023,Pulsa Indosat 10 K,1,13000,10880,2120
12/13/2023,"2,5 Gb Indosat (5 Hari)",1,15000,13150,1850
12/13/2023,4 Gb Axis (5 Hari),1,15000,10951,4049
12/13/2023,Pulsa Indosat 20 K,1,23000,19500,3500
12/13/2023,Top Up Dana 42 K,1,45000,42550,2450
12/13/2023,Top Up Dana 50 K,1,53000,50550,2450
12/13/2023,5 Gb Indosat (5 Hari),1,21000,17850,3150
12/13/2023,10 Gb Xl (7 Hari),1,22000,16500,5500
12/13/2023,Top Up Dana 55 K,1,58000,55550,2450
12/13/2023,1 Gb Unlimited Indosat,1,38000,34079,3921
12/13/2023,Kartu Indosat,1,14000,10800,3200
12/13/2023,Top Up Dana 100 K,1,103000,100550,2450
12/12/2023,Pulsa Indosat 10 K,1,13000,10395,2605
12/12/2023,1 Gb Unlimited Indosat,1,38000,34079,3921
12/12/2023,Top Up Dana 10 K,1,13000,11050,1950
12/12/2023,Top Up Dana 13 K,1,16000,13550,2450
12/12/2023,Pulsa Indosat 50 K,1,53000,49375,3625
12/12/2023,Ff 50 Dm,1,10000,6706,3294
12/12/2023,Ff 70 Dm,1,12000,9055,2945
12/12/2023,5 Gb Indosat (5 Hari),1,21000,17850,3150
12/12/2023,1 Gb Unlimited Indosat,1,38000,34079,3921
12/11/2023,Paket Sms Indosat,2,34000,24900,9100
12/11/2023,5 Gb Indosat (5 Hari),1,21000,17850,3150
12/11/2023,Top Up Dana 30 K,1,33000,30550,2450
12/11/2023,Top Up Dana 25 K,1,28000,25550,2450
12/11/2023,25 Gb Xl Unlimited,1,65000,59558,5442
12/11/2023,Top Up Dana 14 K,1,17000,14550,2450
12/11/2023,5 Gb Indosat (5 Hari),1,21000,17850,3150
12/11/2023,Top Up Dana 22 K,1,25000,22550,2450
12/11/2023,1 Gb Unlimited Indosat,1,38000,34079,3921
12/11/2023,Pulsa Listrik 20 K,1,24000,20060,3940
12/11/2023,5 Gb Indosat (5 Hari),1,21000,17850,3150
12/11/2023,Top Up Dana 27 K,1,30000,27550,2450
12/11/2023,8 Gb Axis (30 Hari),1,28000,25475,2525
12/11/2023,5 Gb Xl Unlimited,1,25000,18387,6613
12/11/2023,3 Gb Indosat (30 Hari),1,23000,20221,2779
12/11/2023,Pulsa Indosat 10 K,1,13000,10395,2605
12/11/2023,5 Gb Xl Unlimited,1,25000,18387,6613
12/11/2023,Kartu Xl,1,13000,8000,5000
12/10/2023,Pulsa Indosat 10 K,1,13000,10395,2605
12/10/2023,Pulsa Telkomsel 10 K,1,13000,10075,2925
12/10/2023,Pulsa Indosat 10 K,1,13000,10395,2605
12/10/2023,5 Gb Xl Unlimited,1,25000,18387,6613
12/10/2023,Pulsa Indosat 10 K,1,13000,10395,2605
12/10/2023,Pulsa Indosat 20 K,1,23000,19500,3500
12/10/2023,Pulsa Indosat 20 K,1,23000,19500,3500
12/10/2023,Pulsa Indosat 20 K,1,23000,19500,3500
12/10/2023,"2,5 Gb Indosat (5 Hari)",1,15000,13150,1850
12/10/2023,Top Up Dana 25 K,1,28000,25550,2450
12/10/2023,6 Gb Xl (7 Hari),1,18000,13009,4991
12/10/2023,Tarik Uang,1,3000,0,3000
12/10/2023,1 Gb Indosat (3 Hari),1,8000,6200,1800
12/10/2023,1 Gb Indosat (3 Hari),1,8000,6200,1800
12/9/2023,Pulsa Indosat 20 K,1,23000,19500,3500
12/9/2023,Pulsa Indosat 20 K,1,23000,19500,3500
12/9/2023,Pulsa Indosat 10 K,1,13000,10395,2605
12/9/2023,"2,5 Gb Indosat (5 Hari)",1,15000,13150,1850
12/9/2023,5 Gb Xl Unlimited,1,25000,18387,6613
12/9/2023,Pulsa Xl 15 K,1,18000,14950,3050
12/9/2023,Top Up Dana 30 K,1,33000,30550,2450
12/9/2023,Pulsa Listrik 20 K,1,24000,20060,3940
12/9/2023,1 Gb Indosat (3 Hari),1,8000,6200,1800
12/9/2023,Top Up Dana 30 K,1,33000,30000,3000
12/9/2023,Ml 222 Dm,1,62000,58800,3200
12/9/2023,5 Gb Indosat (5 Hari),1,21000,17850,3150
12/9/2023,Pulsa Xl 15 K,1,18000,14950,3050
12/9/2023,Top Up Dana 40 K,1,43000,40550,2450
12/9/2023,Top Up Dana 50 K,1,53000,50550,2450
12/8/2023,1 Gb Indosat (3 Hari),1,8000,6200,1800
12/8/2023,4 Gb Axis (5 Hari),1,15000,9197,5803
12/8/2023,Pulsa Indosat 20 K,1,23000,19500,3500
12/8/2023,"2,5 Gb Indosat (5 Hari)",1,15000,13150,1850
12/8/2023,5 Gb Indosat (5 Hari),1,21000,17850,3150
12/8/2023,9 Gb Indosat,1,48000,36500,11500
12/8/2023,Pulsa Indosat 20 K,1,23000,19500,3500
12/7/2023,Top Up Dana 47 K,1,50000,47550,2450
12/7/2023,3 Gb Axis (3 Hari),1,12000,8973,3027
12/7/2023,Pulsa Indosat 25 K,1,28000,24400,3600
12/7/2023,9 Gb Indosat,1,48000,33000,15000
12/7/2023,Top Up Dana 25 K,1,28000,25550,2450
12/7/2023,Rek Gas,1,2500,850,1650
12/7/2023,5 Gb Axis (5 Hari),1,17000,12807,4193
12/7/2023,3 Gb Indosat (30 Hari),1,23000,20221,2779
12/7/2023,Top Up Dana 20 K,1,23000,20550,2450
12/7/2023,Pulsa Indosat 20 K,1,23000,19500,3500
12/7/2023,Top Up Dana 20 K,1,23000,20000,3000
12/7/2023,Top Up Dana 40 K,1,43000,40550,2450
12/7/2023,3 Gb Telkomsel,1,15000,13268,1732
12/7/2023,Pulsa Listrik 20 K,1,24000,20060,3940
12/7/2023,5 Gb Axis (5 Hari),1,17000,14500,2500
12/7/2023,5 Gb Indosat (5 Hari),1,21000,17850,3150
12/7/2023,Top Up Dana 10 K,1,13000,10550,2450
12/7/2023,Top Up Dana 10 K,1,13000,10550,2450
12/7/2023,5 Gb Xl Unlimited,1,25000,18387,6613
12/7/2023,5 Gb Xl Unlimited,1,25000,18387,6613
12/7/2023,5 Gb Xl Unlimited,1,25000,18387,6613
12/6/2023,3 Gb Indosat (30 Hari),1,23000,20221,2779
12/6/2023,Pulsa Indosat 20 K,1,23000,19500,3500
12/6/2023,10 Gb Xl (7 Hari),1,22000,16500,5500
12/6/2023,"2,5 Gb Indosat (5 Hari)",1,15000,13150,1850
12/6/2023,Top Up Dana 50 K,1,53000,50550,2450
12/6/2023,Top Up Dana 62 K,1,65000,62550,2450
12/6/2023,Pulsa Listrik 50 K,1,54000,50060,3940
12/6/2023,1 Gb Indosat (3 Hari),1,8000,6200,1800
12/6/2023,3 Gb Axis (3 Hari),1,12000,9648,2352
12/6/2023,Pulsa Listrik 50 K,1,54000,50060,3940
12/6/2023,5 Gb Axis (5 Hari),1,17000,12807,4193
12/6/2023,Ff 10 Dm,1,3000,1845,1155
12/6/2023,Top Up Dana 30 K,1,33000,30000,3000
12/6/2023,1 Gb Unlimited Indosat,1,38000,34079,3921
12/5/2023,5 Gb Xl Unlimited,1,25000,18387,6613
12/5/2023,5 Gb Xl Unlimited,1,25000,17465,7535
12/5/2023,1 Gb Unlimited Indosat,1,38000,34079,3921
12/5/2023,3 Gb Axis (3 Hari),1,12000,8973,3027
12/5/2023,6 Gb Xl (7 Hari),1,18000,13009,4991
12/5/2023,Top Up Dana 20 K,1,23000,20000,3000
12/5/2023,Top Up Dana 20 K,1,23000,20550,2450
12/5/2023,Top Up Dana 20 K,1,23000,20550,2450
12/5/2023,Pulsa Indosat 10 K,1,13000,10395,2605
12/5/2023,Pulsa Indosat 10 K,1,13000,10395,2605
12/5/2023,1 Gb Indosat (3 Hari),1,8000,6200,1800
12/5/2023,Pulsa Listrik 20 K,1,24000,20060,3940
12/5/2023,10 Gb Xl (7 Hari),1,22000,16500,5500
12/5/2023,Pulsa Listrik 50 K,1,54000,50060,3940
12/5/2023,5 Gb Indosat (5 Hari),1,21000,17850,3150
12/5/2023,Top Up Dana 35 K,1,38000,35550,2450
12/5/2023,Tarik Uang,1,3000,0,3000
12/5/2023,45 Gb Xl Unlimited,1,88000,83500,4500
12/4/2023,Top Up Dana 20 K,1,23000,20550,2450
12/4/2023,Top Up Dana 20 K,1,23000,20550,2450
12/4/2023,Pulsa Indosat 20 K,1,23000,19500,3500
12/4/2023,Pulsa Indosat 5 K,1,8000,5604,2396
12/4/2023,Top Up Dana 25 K,1,28000,25550,2450
12/4/2023,Top Up Dana 150 K,1,154000,150550,3450
12/4/2023,Pulsa Axis 5 K,1,8000,5856,2144
12/4/2023,Top Up Dana 35 K,1,38000,35550,2450
12/3/2023,Pulsa Indosat 10 K,1,13000,10395,2605
12/3/2023,3 Gb Indosat (30 Hari),1,23000,20221,2779
12/3/2023,Pulsa Xl 50 K,1,53000,49800,3200
12/3/2023,10 Gb Xl (7 Hari),1,22000,16500,5500
12/3/2023,Top Up Dana 25 K,1,28000,25550,2450
12/3/2023,Pulsa Xl 20 K,1,23000,19800,3200
12/3/2023,1 Gb Unlimited Indosat,1,38000,34079,3921
12/3/2023,Top Up Dana 25 K,1,28000,25000,3000
12/3/2023,1 Gb Indosat (3 Hari),1,8000,6200,1800
12/3/2023,1 Gb Indosat (3 Hari),1,8000,6200,1800
12/3/2023,5 Gb Indosat (5 Hari),1,21000,17850,3150
12/3/2023,Pulsa Listrik 20 K,1,24000,20060,3940
12/3/2023,Top Up Dana 70 K,1,73000,70550,2450
12/3/2023,Top Up Dana 50 K,1,53000,50000,3000
12/3/2023,Top Up Dana 25 K,1,28000,25000,3000
12/2/2023,Top Up Dana 18 K,1,21000,18250,2750
12/2/2023,5 Gb Indosat (5 Hari),1,21000,17850,3150
12/2/2023,Top Up Dana 30 K,1,33000,30550,2450
12/2/2023,6 Gb Xl (7 Hari),1,18000,13009,4991
12/2/2023,Top Up Dana 80 K,1,83000,80000,3000
12/2/2023,Top Up Dana 30 K,1,33000,30000,3000
12/2/2023,25 Gb Xl Unlimited,1,65000,59558,5442
12/2/2023,Top Up Dana 29 K,1,32000,29000,3000
12/2/2023,1 Gb Unlimited Indosat,1,38000,34079,3921
12/2/2023,Pulsa Listrik 20 K,1,24000,20060,3940
12/2/2023,Top Up Dana 102 K,1,105000,102000,3000
12/2/2023,"2,5 Gb Indosat (5 Hari)",1,15000,13150,1850
12/2/2023,Top Up Dana 10 K,1,13000,10500,2500
12/1/2023,1 Gb Unlimited Indosat,1,38000,34079,3921
12/1/2023,Pulsa Indosat 15 K,1,18000,14659,3341
12/1/2023,Pulsa Indosat 50 K,1,53000,49375,3625
12/1/2023,1 Gb Indosat (3 Hari),1,8000,6200,1800
12/1/2023,Kabel Oraimo Type Micro,1,20000,12500,7500
12/1/2023,Pulsa Listrik 50 K,1,54000,50060,3940
12/1/2023,3 Gb Indosat (30 Hari),1,23000,20221,2779
12/1/2023,Top Up Dana 50 K,1,53000,50000,3000
12/1/2023,Rek Gas,1,2500,850,1650
